2051 3214
555 96 584 138 40

181 223 258 265 deam
280 220 403 265 commissis
425 227 514 264 acturus
537 221 622 275 planius
646 221 769 276 explicabo,
793 220 885 272 Romae,
907 234 957 263 curn

181 298 297 333 necaretur
316 291 375 341 civis,
391 290 517 332 institutum
533 290 608 342 fuisse,
624 297 648 332 ut
664 289 781 333 Semoniae
796 290 851 331 deae
867 302 959 331 vervece

181 359 272 401 bidente
295 372 330 400 res
353 371 415 400 sacra
438 355 537 415 fieret1)‚
562 372 606 401 non
629 359 706 402 dubito
727 359 779 412 quin
796 358 915 400 homicidio
931 358 959 399 ab

181 428 322 480 imprudente
345 432 478 480 perpetrato,
501 428 558 469 aries
578 440 644 482 quem
661 426 806 480 antiquisimis
822 426 960 480 temporibus

182 495 250 537 occisi
265 495 367 537 manibus
383 500 505 537 mactatum
521 510 571 537 esse
587 495 697 545 existimo,
714 493 839 536 labentibus
854 494 918 536 annis
927 493 960 535 vel

182 563 255 605 eidem
279 562 404 614 Semoniae,
426 562 460 605 vel
475 563 517 617 ipsi
532 562 621 615 Telluri,
638 561 672 604 vel
687 562 723 604 alii
739 562 800 613 deae,
817 563 852 604 cui
868 561 960 617 agricul-

182 638 232 673 tura
256 632 354 673 maxime
377 631 438 673 cordi
461 638 515 687 erat,
538 630 625 685 piaculo
642 631 670 672 sit
685 630 778 672 oblatus.
795 630 879 673 Idcirco
896 631 977 672 deam,

183 699 229 741 dixi
252 698 397 754 agriculturae
421 698 539 750 faventem,
563 700 624 754 quod
640 705 728 741 constat
744 712 831 752 semper
846 698 960 740 Romanos

183 767 289 809 sollicitos
312 766 387 818 luisse,
412 781 440 808 ne
462 767 537 809 Tellus
561 773 637 818 mater,
662 767 696 809 cui
720 773 820 809 mortuos
843 767 961 821 praecipue

183 849 248 878 curae
269 849 318 877 esse
335 836 461 887 credebant,
479 837 507 878 de
522 837 599 890 quovis
615 835 734 877 homicidio
750 834 886 889 suppliciove
903 835 961 888 capi-

182 904 229 957 tali,
245 904 333 959 frugum
349 903 464 946 sterilitate
480 917 568 958 poenas
580 910 702 958 expeteret.

212 1039 287 1095 Magni
307 1039 414 1082 momenti
430 1053 456 1081 ea
471 1052 559 1094 quoque
575 1039 661 1093 piacula
676 1053 726 1082 esse
742 1040 889 1082 censebantur
905 1053 962 1095 quae

184 1121 235 1150 cum
272 1108 406 1149 manium
442 1108 510 1149 iure
546 1113 568 1149 et
603 1107 827 1161 sepulcrorum
859 1120 962 1150 connexa

185 1182 253 1227 erant,
279 1174 306 1217 cf.
330 1175 390 1217 Paul.
415 1174 475 1218 Sem.
492 1175 581 1217 121.4
602 1175 642 1231 qai
664 1182 742 1231 carpas
754 1183 874 1231 perpetuae
889 1178 961 1231 sepm-

186 1250 251 1285 imae
275 1243 385 1285 traditam
409 1245 445 1285 vel
466 1244 498 1285 ad
520 1250 606 1298 tempas
629 1243 701 1286 aliem
722 1245 765 1286 laea
786 1244 962 1286 commendatam

185 1312 307 1354 iimdaaerit
321 1318 342 1353 et
356 1311 409 1354 salis
424 1311 500 1353 radiis
513 1311 638 1362 ostenderit,
649 1311 766 1366 piaculum
779 1312 901 1354 eeimaittit.
916 1311 962 1354 Nec

185 1379 248 1421 aliter
271 1380 308 1434 qui
330 1380 460 1433 imprudens
484 1380 531 1422 sine
552 1379 603 1422 dolo
627 1379 686 1422 malo
709 1380 822 1422 violaverit
836 1381 961 1434 sepulcrum

185 1447 272 1502 piaculo
295 1449 347 1490 dare
365 1449 447 1490 debere
463 1461 491 1490 ex
507 1461 534 1490 eo
550 1449 648 1490 maxime
664 1448 777 1504 colligitur,
794 1450 854 1503 quod
870 1462 898 1490 ne
914 1448 962 1490 refi-

186 1529 236 1557 cere
252 1516 342 1570 quidem
359 1523 529 1559 monumentum
545 1517 578 1558 las
595 1523 635 1568 est,
651 1517 693 1559 nisi
708 1518 768 1570 prius
781 1517 876 1559 hostiam
890 1517 963 1571 operis

185 1584 281 1626 faciendi
297 1597 364 1626 causa
381 1585 511 1626 mactaveris
521 1580 546 1641 2).
562 1584 609 1626 Nec
626 1585 698 1626 minus
714 1584 776 1626 nefas
792 1584 885 1626 habetur
898 1585 963 1626 cada-

185 1666 223 1694 ver
240 1653 310 1694 visum
327 1652 449 1706 relinquere
465 1652 610 1705 insepultum3
626 1653 721 1706 ideoque
735 1655 771 1708 qui
783 1653 865 1695 inscius
874 1658 963 1694 mortuo

186 1720 296 1774 insepulto
319 1721 377 1762 iusta
400 1734 446 1763 uon
469 1721 537 1772 dedit,
558 1720 668 1773 piaculum
690 1721 828 1763 commisisse
844 1734 872 1762 ex
888 1720 963 1762 divino

185 1791 232 1831 iure
248 1795 357 1840 censetur,
375 1788 401 1831 cf.
418 1788 501 1843 Vergil.
517 1787 572 1831 Am.
589 1788 620 1830 VI
637 1790 679 1831 149
695 1802 726 1843 sq.

243 1904 359 1953 praeterea
375 1897 433 1939 iacet
447 1896 577 1939 mamaeam
594 1897 635 1939 tibi
649 1904 728 1952 caepas
744 1898 816 1948 amici,

248 1990 274 1996 κ
291 1965 333 2007 am
350 1965 421 2007 aereis
437 1990 464 1995 υ-
482 1972 591 2020 totamque
606 1965 701 2007 imestat
710 1964 795 2018 famem
809 1967 910 2016 classem,

246 2034 299 2076 dara
316 2035 419 2075 eomsaita
431 2033 497 2088 petis,
515 2039 630 2088 nostraque
646 2033 671 2075 im
686 2033 763 2075 limiae
774 2034 864 2088 pendes.

246 2101 337 2143 sedibus
351 2102 409 2143 imm
424 2101 486 2155 refer
500 2108 553 2143 aete
567 2101 617 2143 sais
633 2107 654 2142 et
668 2102 734 2143 cmm
749 2102 854 2155 sepulcro.

246 2170 288 2212 dm
304 2168 385 2224 aegras
396 2169 505 2224 pecudes:
521 2183 547 2211 ea
559 2169 636 2224 prima
647 2169 830 2224 praemisum.

216 2279 297 2321 Iniuria
320 2279 409 2322 Servius
433 2280 500 2321 verba
523 2293 549 2321 ea
568 2279 645 2334 prime
664 2278 759 2333 piacula
782 2285 847 2321 samia
868 2279 965 2333 explicat

188 2348 220 2389 ad
235 2347 384 2402 expiationem
396 2347 536 2403 palliationis,
553 2361 610 2402 qaae
620 2347 704 2400 faeiat
718 2353 773 2389 reaia
789 2354 857 2390 meite
872 2347 964 2390 Mitem.

188 2415 284 2467 Etenim,
308 2423 332 2458 ut
352 2431 365 2459 a
386 2417 469 2459 funeris
485 2416 606 2470 pollutione
622 2417 676 2458 socii
691 2423 844 2471 purgarentur,
860 2418 901 2458 rite
918 2418 963 2458 las-

189 2483 257 2525 teatia
277 2490 355 2537 postea
377 2499 389 2526 a
412 2484 529 2538 Corynaeo
546 2484 605 2526 facta
621 2491 661 2536 est,
678 2491 702 2526 ut
717 2485 780 2526 testis
796 2491 831 2526 est
846 2485 892 2538 ipse
909 2484 964 2526 Ver-

213 2643 229 2688 1)
243 2643 272 2680 Cf.
286 2623 336 2679 rest.
349 2643 368 2678 li
382 2646 415 2679 309
428 2642 444 2677 L
457 2646 499 2678 404.

212 2699 230 2744 2)
243 2699 272 2735 cf.
291 2699 370 2735 alteram
388 2699 445 2734 huius
458 2698 526 2744 capitis
539 2702 619 2743 partem,
632 2696 664 2733 ubi
677 2698 701 2733 de
711 2696 792 2742 piaealis
803 2697 854 2732 sacri
861 2697 966 2743 priimam

189 2754 281 2791 eeinmissi
292 2755 362 2791 dicturi
374 2766 445 2791 sumus.
