2051 3214
465 165 493 207 25

88 300 110 356 (i.
126 312 145 340 e.
166 293 297 337 sacrificium
320 292 423 333 vicarium
440 291 494 334 deos
510 291 600 345 placans
616 305 656 345 pro
672 292 741 334 domo
758 289 869 346 dolitura).

115 366 168 408 Plin.
185 362 214 405 N.
231 360 260 402 H.
277 360 342 418 XXV
357 361 386 402 30
401 359 495 401 scrobem
511 360 593 414 repleri
606 359 669 403 vario
679 373 761 414 genere
769 357 870 414 frugum

88 432 165 488 religia
189 436 223 472 est
244 442 270 470 ac
292 434 365 470 terrae
384 427 531 483 piamentum,
557 428 621 470 XXV
639 427 680 470 107
697 425 766 481 fanis
782 433 835 468 ante
851 432 873 467 et

88 502 150 544 melle
172 504 244 540 terrae
263 496 405 551 piamentum
428 496 497 548 datis,
521 496 655 539 XXXVH3
678 495 737 538 satis
757 493 872 550 piamenti

88 563 217 626 (Fortunae)
235 564 259 607 in
275 564 346 606 uncins
357 578 460 618 geminae
475 565 602 607 uoluntario
618 565 706 607 damno.

116 634 180 689 Apul.
198 633 250 676 Met.
267 632 297 674 IV
315 634 344 674 30
359 632 471 675 communi
485 633 586 675 numinis
598 632 721 688 piamento.

116 704 174 746 Fest.
199 701 222 743 M
238 701 281 742 238
305 700 385 742 L274
405 700 551 755 propudialis
568 708 694 756 porcus...
717 699 870 757 in-sacrc'ficio

84 772 160 829 gentis
183 768 294 813 Claudiae
313 770 376 811 velut
391 769 531 824 piamentum
548 768 587 826 (sc.
605 768 708 824 deorum)
724 775 746 811 et
760 767 871 810 exsolutio

87 840 158 883 omnis
172 844 298 881 contractae
312 837 429 892 religionis
445 844 483 879 est.

116 907 373 956 opimentum,
402 906 777 961 piamenzpurgamen‚
802 918 869 958 pur-

87 981 273 1032 gementum.

1 1085 2 1088 ,
116 1043 150 1087 cf.
173 1043 239 1086 Ovid.
263 1043 326 1086 Fast.
350 1042 367 1083 ll
392 1043 419 1085 19
438 1040 523 1095 februa
546 1042 645 1084 Romani
667 1041 745 1084 dinem
762 1039 869 1095 piamina

19 1156 20 1159 ,
83 1119 167 1167 patres,
184 1110 202 1152 H
218 1112 246 1152 33
262 1124 323 1152 omne
339 1111 409 1152 solnm
426 1111 528 1152 lustrant
542 1110 608 1165 idque
620 1109 712 1164 piamen
728 1105 838 1159 babentll.

85 1211 87 1214 >
115 1180 219 1221 Prudent.
238 1177 301 1220 Cart.
318 1178 348 1219 lX
361 1179 389 1219 33
407 1177 523 1232 turgidam
539 1184 609 1224 cutem
617 1178 868 1233 repurgantuulnernm

84 1247 195 1302 piamina.

115 1314 185 1358 Senot.
208 1314 262 1357 Bob.
286 1315 315 1357 ad
336 1313 380 1357 Cic.
402 1314 491 1365 Mill,
507 1313 566 1358 Hild.
581 1329 602 1368 p.
618 1315 654 1358 64.
671 1316 683 1356 2
700 1313 812 1357 Horatius
827 1314 868 1356 sub

86 1382 164 1437 iugum
188 1382 307 1425 traductus
326 1389 370 1433 est;
391 1383 417 1424 id
431 1382 597 1437 explementum
613 1382 731 1425 memmiae
746 1388 866 1424 servatum.

86 1452 214 1495 Notandum
231 1458 271 1503 est,
287 1453 404 1494 traducere
420 1451 461 1492 sub
477 1451 553 1505 iugum
569 1452 635 1494 ritum
649 1465 698 1493 esse
711 1449 832 1493 lustralem.

219 1602 246 1636 11.
268 1608 352 1645 PlATOR,
370 1607 483 1644 EXPIATOR,
499 1606 592 1644 PIATRIXl
609 1607 732 1635 EXPIATRIX.

114 1719 154 1761 His
177 1732 265 1774 quoque
289 1720 401 1762 vocabulis
425 1727 470 1761 tres
492 1719 664 1774 significationes
685 1720 799 1762 subiectae
816 1725 867 1760 sunt

82 1786 213 1839 plataneis,
227 1787 366 1842 purgatoris,
382 1787 469 1830 ultoris.
486 1787 625 1829 Testimonia
640 1789 695 1830 sint:

114 1854 174 1898 Fest.
198 1856 222 1897 M
244 1856 287 1898 213
311 1856 330 1898 L
352 1857 395 1899 232
415 1853 518 1912 pilotria
540 1856 656 1898 dicebatur
677 1856 785 1906 sacerdos,
810 1868 868 1910 qnae

85 1922 176 1977 capiare
192 1930 242 1966 erat
256 1922 341 1982 solita]
356 1923 422 1980 qnam
438 1924 530 1979 qnidam
544 1924 712 1974 simulatricem,
728 1923 866 1978 aliisagam,

85 1989 129 2031 alii
151 1992 297 2045 expiatricem
320 1999 412 2042 vocant,‘
433 1998 455 2034 et
470 1992 588 2047 piamenta
603 1993 683 2047 quibus
699 1992 773 2034 utitrer
789 1991 813 2033 in
830 2005 866 2033 en·

82 2055 173 2110 pianda,
199 2059 243 2102 alii
258 2067 410 2116 purgamenta
426 2059 495 2117 (Paul.
510 2061 533 2102 M
549 2062 592 2102 212
609 2061 628 2102 L
645 2062 688 2103 233
701 2060 793 2115 piatrix
809 2060 865 2101 dice-

85 2124 152 2168 batur
173 2128 282 2180 sacerdos,
306 2142 363 2185 quae
383 2129 475 2183 rapiare
490 2135 540 2171 erat
554 2129 627 2179 solita,
644 2143 711 2185 quam
727 2128 771 2171 alii
785 2141 866 2183 sagam
932 2157 934 2161 »

85 2194 204 2246 necabant;
219 2196 337 2251 piamenta
355 2210 438 2252 queque
453 2197 590 2248 dicebantur,
607 2197 688 2252 quibus
704 2197 826 2252 utebantur
841 2195 866 2237 in

85 2262 213 2319 expiando).
237 2264 323 2318 Duplici
347 2278 438 2307 munere
460 2265 592 2320 fungebatur
608 2266 725 2320 expiaturi,
741 2265 866 2319 placatricis

85 2335 107 2370 et
129 2333 266 2386 purgatricis.
290 2333 386 2375 Numina
408 2334 473 2385 enim,
491 2347 547 2387 quae
562 2335 648 2375 somnia
664 2334 789 2383 mittebant,
807 2332 866 2375 mola

84 2397 141 2440 salsa
162 2407 184 2441 et
200 2407 249 2442 ture
265 2402 383 2453 exorabat;
400 2400 510 2454 sulphure,
526 2415 575 2453 ovo,
592 2401 638 2443 aliis
654 2401 806 2456 purgamentis
822 2401 865 2442 lec-

85 2470 131 2507 tum
155 2466 248 2511 lustrare
273 2476 320 2512 erat
341 2469 412 2521 solita,
435 2469 571 2512 cf.Martial.
589 2469 781 2520 V1154‚X150;
799 2469 864 2512 Ovid.

84 2532 134 2576 Art.
157 2534 207 2579 Aru.
231 2536 314 2579 11329.
336 2538 412 2580 Ritum
427 2538 499 2591 ipsum
516 2545 594 2591 postea
610 2536 680 2579 fusius
696 2538 864 2599 explicabimus.

112 2602 177 2657 Apul.
194 2605 253 2648 Flor.
269 2605 318 2657 XV,
335 2620 356 2659 p.
374 2605 415 2648 167
432 2620 451 2647 v.
468 2607 490 2648 d.
506 2605 565 2659 Vliet
581 2604 703 2648 Cretensem
717 2605 865 2661 Epimeniden

84 2706 182 2714 ἣ,-

108 2761 126 2803 1)
138 2762 228 2800 Forsitan
247 2769 267 2799 et
279 2765 316 2800 hoc
330 2766 374 2801 loco
383 2764 460 2811 piamen
474 2771 503 2801 est
514 2765 616 2810 placarum.
629 2765 720 2810 Sequitur
733 2767 784 2801 enim
797 2776 865 2801 versus
919 2772 920 2775 ’

84 2818 106 2850 34
119 2821 153 2852 uret
163 2819 207 2865 quia
216 2820 297 2867 placatis
310 2825 353 2857 steret
366 2823 447 2869 tempora
456 2824 508 2869 pura
520 2821 614 2868 sepulcris.
