2051 3214
432 123 459 166 19

145 256 219 307 iare,
244 249 380 303 expiare
398 263 588 306 :purgare

81 326 156 369 Tertia
172 334 228 377 quae
242 333 271 360 ex
287 317 378 359 notione
393 318 496 360 sanandi
511 316 578 375 (weer
594 319 652 374 goed
668 317 758 373 maten)
772 317 834 359 efflo-

64 396 95 437 uit
118 388 256 448 significatio,
281 398 307 426 ca
323 392 357 427 est
373 399 439 440 quarn
455 386 533 429 iniuria
549 385 649 430 nonnulli
664 387 761 428 nativam
778 386 835 428 exis·

69 468 131 505 mant
146 466 169 500 et
184 453 327 511 principalem
340 454 466 508 purgandi.
483 455 622 498 Vocabulum
639 461 714 496 autem
724 453 768 509 pii,
782 467 835 509 qua-

62 544 116 573 enus
136 524 241 577 εὐσέβειαν
257 530 309 576 erga
326 522 380 564 deos
396 523 492 575 exhibet,
508 523 627 577 plurimum
644 522 744 565 attulisse
761 529 785 564 ut
800 521 836 563 illa

137 595 181 637 atio
205 593 305 640 oriretur,
330 603 397 633 nemo
420 604 465 633 non
489 592 555 634 videt.
577 590 644 645 Quod
666 591 756 644 quidem
769 589 836 644 piare

65 663 214 707 xtendebatur
236 660 259 701 in
280 658 401 712 purgandi
423 672 512 714 quoque
528 661 651 711 notionem,
668 659 742 701 effecit
758 665 782 700 ut
798 657 836 699 ali-

127 745 141 773 0
157 727 296 791 grammatici
312 733 398 769 veteres
411 727 476 781 piuru
492 728 551 770 idem
569 727 698 770 naturaliter
711 740 737 768 ac
749 732 835 781 purunr

133 812 145 840 e
175 796 253 839 iniuria
282 796 443 837 existimarent.
467 795 597 839 Notandum
621 804 696 838 tamen
720 802 760 845 est,
785 794 836 836 licet

142 865 184 916 nia,
209 877 266 918 quae
290 869 418 917 sequantur,
442 865 484 906 sub
507 878 552 906 uno
573 864 638 906 titulo
654 854 680 905 ac
696 863 768 916 capite
780 869 836 917 pur-

144 932 274 987 redegerlm,
296 932 340 973 vim
364 938 386 973 et
402 931 499 974 valorem
516 933 576 975 vocis
589 931 675 986 piandi
689 932 751 986 quod
774 943 835 972 rem

74 1003 129 1044 tinet
152 1000 174 1040 in
198 998 306 1063 euemplis
330 1000 449 1042 afferendis
466 1000 529 1042 valde
543 1001 601 1043 inter
617 1014 641 1042 se
657 1000 753 1051 differre,
769 1005 836 1052 prout

67 1083 79 1111 θ
94 1068 270 1123 purgationibus,
287 1066 443 1120 suffitionibus,
461 1068 634 1120 lustrationibus,
650 1067 743 1122 piaculis
751 1073 835 1122 agatur.

155 1136 215 1177 enim
231 1142 253 1178 et
269 1136 371 1191 purgatio
387 1150 400 1177 a
416 1137 514 1188 maculis,
530 1136 672 1191 lustrationes
686 1135 835 1178 siveanoxiis

64 1204 149 1247 xternis
171 1205 217 1245 sire
233 1218 246 1245 a
262 1204 360 1256 maculis,
377 1205 464 1258 piacula
479 1206 507 1247 ab
523 1205 610 1248 offensa
625 1206 717 1248 deorum
733 1204 834 1246 liberant.

74 1286 114 1314 uae
130 1272 220 1327 quidem
236 1273 311 1314 omnia
327 1272 384 1314 infra
400 1275 472 1327 capite
487 1275 554 1316 tertio
569 1274 639 1316 fusius
648 1280 713 1316 erunt
720 1273 836 1326 probanda

65 1347 74 1382 t
97 1340 235 1393 explicanda
260 1341 328 1394 Apud
352 1342 470 1395 scriptores
491 1340 628 1385 Christianos
645 1343 737 1385 verbum
750 1340 836 1396 piandi

65 1409 95 1449 im
119 1408 201 1484 habere
224 1409 294 1451 multo
311 1409 469 1462 sublimiorem,
486 1424 531 1452 non
547 1418 582 1453 est
598 1425 636 1453 cur
652 1422 833 1453 commemorem.

80 1543 149 1586 Plaut
172 1544 307 1587 Menaeclun
327 1511 368 1588 291
386 1546 436 1587 iube
452 1552 473 1588 tr
485 1547 550 1602 piari
565 1549 592 1589 de
608 1562 657 1590 urea
669 1546 773 1601 pecunia,
790 1545 832 1588 517

67 1618 93 1653 ut
108 1617 128 1652 te
139 1611 206 1667 piari
220 1613 283 1664 iubr;
299 1614 365 1657 Most.
381 1616 425 1657 465
442 1600 497 1657 isias
512 1616 605 1671 rapiare
620 1623 646 1657 nt
657 1615 752 1671 passius.

80 1680 152 1723 Varro
175 1682 232 1729 dri
249 1683 264 1723 l.
288 1681 319 1723 Vl
335 1684 363 1724 30
383 1689 519 1737 praetor...
539 1684 657 1738 piaculari
679 1682 753 1725 nostia
764 1681 833 1736 farta

66 1746 142 1798 iatur;
158 1749 186 1790 de
201 1763 218 1790 r.
234 1763 254 1791 r.
269 1749 322 1791 Il4.
341 1750 368 1793 16
383 1757 410 1791 ur
424 1750 530 1793 iusauunr
543 1765 609 1814 purru
622 1758 697 1806 putat,
714 1750 833 1805 utpietur.

147 1822 189 1870 pro
214 1808 299 1860 cluent,
325 1819 367 1861 193
391 1819 574 1873 expiandum...
598 1822 683 1870 laianu*
696 1826 738 1874 pro
754 1818 833 1860 Rabir.

67 1884 77 1923 1
108 1884 246 1939 expiandum
270 1884 361 1942 foruna,
383 1893 424 1940 pra
449 1886 501 1929 Seu.
523 1887 587 1929 Rasa
611 1887 638 1929 71
662 1901 768 1930 rnare...
792 1900 833 1941 qua

62 1957 120 1993 atera
140 1966 197 2007 quai
212 1954 298 1996 vialata
313 1961 373 2009 sunt,
390 1955 481 2009 expiari
493 1961 619 2009 putantum
635 1955 659 1997 in
681 1955 740 1998 Vrrr.
757 1955 788 1996 iv
804 1956 832 1997 26

72 2031 134 2062 cunr.
145 2053 164 2063 ..
181 2021 306 2075 expiauit,-
323 2022 420 2078 Plrilipp
437 2024 489 2066 130
505 2023 595 2078 expiata
606 2023 672 2077 f0r0;
688 2025 716 2066 dr
731 2026 772 2079 leg.
787 2024 832 2066 140
865 2059 867 2062 .

64 2084 194 2140 usfirurrrtis
210 2089 305 2143 inpiati.

80 2154 156 2197 Horat.
175 2155 216 2199 Od.
233 2157 250 2198 ΙΙ
269 2161 287 2199 1.
304 2160 320 2200 4
335 2172 400 2201 arrrra
414 2160 512 2202 naudurn
525 2160 701 2214 rapiatisuurta
710 2156 833 2202 cruoribus.

80 2221 127 2263 Liv.
144 2222 152 2264 l
168 2225 203 2266 26.
222 2226 248 2267 12
264 2232 291 2267 ut
302 2225 382 2280 filiurn
398 2227 502 2281 expiaret
512 2227 609 2287 pecunia
622 2227 721 2282 publica,
738 2228 760 2270 V
774 2229 832 2270 502

65 2302 110 2331 ana
126 2291 215 2334 arania.
226 2324 245 2335 ..
262 2294 416 2348 expiarentur.

79 2357 117 2400 Iul.
134 2359 188 2402 Obs.
205 2362 234 2402 52
250 2362 468 2405 lustrationibus...
485 2364 608 2418 expiatura.

80 2424 144 2468 Ovid
162 2428 227 2470 Fast
243 2429 261 2470 ΙΙ
276 2430 305 2471 29
320 2437 411 2485 corpora
427 2437 504 2473 nostra
516 2430 620 2485 piantur

79 2491 129 2535 Val.
146 2494 207 2539 Max.
223 2496 322 2541 I7ext
340 2499 492 2554 4supplirrnr
508 2498 621 2553 sacrificia
637 2499 775 2554 expiaverat.

79 2558 138 2602 Pers.
156 2562 204 2605 Sat.
221 2564 238 2605 ΙΙ
254 2567 282 2608 33
298 2566 462 2611 lustralibus.
473 2559 578 2610 ,balivis
594 2567 678 2622 rapiat

79 2625 158 2671 Senec.
183 2631 247 2673 Herc.
272 2633 326 2676 Fur.
350 2636 394 2677 919
418 2648 500 2677 uranus
522 2641 615 2677 crurrua
636 2636 702 2678 caiae
718 2642 739 2677 et
754 2635 832 2677 rosuli·

100 2693 103 2700 '
124 2708 131 2745 ;
152 2696 247 2742 Plraedr.
264 2700 306 2742 717
323 2716 380 2744 uon.
391 2735 410 2744 ..
428 2716 505 2745 raiano
515 2736 518 2744 .
530 2736 548 2744 ,.
567 2709 654 2745 tantuna
671 2703 773 2758 expiarit
787 2716 830 2745 scr-

90 2760 94 2767 ’
110 2775 117 2811 ;
135 2764 154 2806 T
150 2767 214 2809 raud.
227 2768 270 2810 637
276 2768 342 2823 piari
346 2776 411 2823 passe
418 2771 534 2813 redituras
541 2778 602 2813 rates
611 2771 647 2825 (Ξ
654 2771 742 2814 lustrari
750 2772 829 2825 posse).
