2051 3214
488 125 516 169 53

173 265 281 296 ...nere
296 266 357 302 novo,
374 264 423 293 enni
441 250 486 293 ian
503 251 587 294 tinnire
602 253 702 294 volneris

171 320 280 375 incipient
294 320 401 374 nidosque
416 314 506 362 reversa
522 320 606 362 intabit
620 319 725 370 ieirnno'o,

168 388 275 446 protinas
290 387 381 430 hiberno
393 391 467 443 peens'
478 402 539 430 ornne
554 389 649 431 rnonebis
665 387 726 430 ovili.

171 465 224 500 tnne
239 456 319 499 etenira
335 455 413 498 rnelior
427 456 534 498 vernanti
545 458 648 512 germine
663 455 724 498 siloe

167 526 246 582 pnllat
260 531 282 566 et
296 524 396 567 aestivas
412 524 549 578 reparabilis
565 525 655 567 ineleoat
670 524 767 574 nnebras,

171 601 223 636 tnne
234 593 323 646 florent
336 594 412 635 saltns
427 592 552 648 viridisque
566 592 694 635 renaseitnr
710 606 792 635 onnns.

141 704 191 746 Hoc
213 703 280 757 igitur
303 702 420 755 pastoralis
442 703 493 744 anni
509 703 571 749 initio
588 703 643 745 deae
659 701 716 743 Palis
731 715 777 755 pax
792 708 815 744 et
831 702 894 743 venia

112 772 238 827 expetenda
261 777 315 820 erat,
340 784 367 812 ne
391 771 420 812 ob
449 784 512 812 sacra
534 784 573 824 per
597 784 681 813 annum
704 771 847 824 praeteritum
870 770 893 811 in

112 839 229 895 pascendis
253 839 331 881 ovibus
353 839 473 881 commissa
495 838 610 881 consulere
626 839 702 893 pecori
718 845 830 881 recusaret
846 852 895 892 pas-

111 910 248 963 toribusque,
265 907 293 951 cf.
310 907 371 962 Calp.
388 909 435 951 Eel.
453 907 480 949 V.
497 909 526 949 24

170 1018 210 1060 seii
226 1031 269 1059 non
285 1007 343 1059 ante
349 1030 430 1072 greges
445 1017 469 1058 in
482 1024 569 1072 pasena
585 1017 648 1059 initte
663 1019 759 1060 recinsos

170 1099 238 1141 pnorn
250 1084 328 1139 faerit
339 1087 434 1140 placata
450 1084 521 1128 Pales.

140 1196 273 1238 Placabatur
289 1202 364 1238 autem
382 1196 424 1238 dea
439 1194 537 1237 silvicola
550 1196 603 1248 liba,
620 1195 720 1249 dapibus,
737 1195 794 1238 lacte
809 1196 892 1249 tepido,

112 1264 140 1307 ci.
157 1264 223 1308 Ovid.
239 1264 302 1306 Fast.
318 1264 349 1305 IV
365 1263 415 1306 743.
436 1264 572 1305 Precationis
589 1271 664 1307 autem
680 1264 779 1306 solemne
795 1277 891 1315 carmen,

113 1335 141 1375 ab
162 1332 243 1376 Ouidio
264 1332 358 1385 poeticis
374 1333 446 1374 verbis
463 1332 597 1385 expositum,
614 1346 665 1374 cum
681 1330 772 1375 Catonis
788 1334 892 1384 carmine,

113 1403 173 1456 quod
188 1402 211 1442 in
228 1400 367 1443 conlucando
381 1400 433 1455 *luco
450 1401 572 1452 dicebatur,
586 1401 677 1443 omnino
686 1402 795 1455 congruit.
803 1400 892 1443 Etenim

111 1470 197 1511 duabus
223 1469 349 1511 continetur
372 1470 483 1522 partibus:
509 1482 622 1511 sacrorum
646 1470 817 1511 commissorum
834 1482 893 1511 com·

110 1537 273 1580 memoratione
295 1543 362 1592 atque
378 1537 506 1591 precatione
522 1539 606 1579 veniae.
623 1538 675 1579 ideo
690 1538 798 1591 imprimis
814 1543 892 1579 notatu

111 1605 265 1660 dignissimum
281 1618 371 1647 carmen
387 1613 427 1657 est,
445 1619 495 1647 eum
511 1607 592 1647 doceat
607 1619 664 1661 quae
681 1613 703 1648 et
718 1605 791 1660 qualia
806 1605 892 1659 piacula

110 1687 123 1714 a
138 1673 265 1726 pastoribus
281 1674 303 1714 in
319 1687 400 1727 pecore
416 1675 530 1728 pascendo
543 1675 625 1716 incurri
640 1675 759 1728 potuerint,
773 1674 800 1716 cit
809 1673 841 1715 IV
848 1673 892 1717 749

168 1782 216 1824 sine
231 1797 294 1826 sacro
306 1784 364 1838 pani
378 1784 454 1827 sedive
468 1785 509 1827 snb
526 1776 603 1827 arbore
617 1798 684 1827 satra

195 1851 325 1907 pabninpne
340 1867 351 1894 e
366 1853 439 1895 instis
456 1853 529 1896 inscia
545 1854 631 1908 enrpsit
646 1852 699 1904 onis,

168 1920 191 1961 si
206 1933 284 1963 nerins
300 1921 388 1963 intravi
402 1921 501 1972 natitant,
519 1921 628 1964 nostrisve
638 1921 739 1975 fugatae

197 1996 253 2030 snnt
268 1990 337 2031 neniis
353 1989 463 2045 nyrnpliae
478 1989 640 2045 sernieaperpne
655 1990 716 2041 dens,

168 2056 191 2097 si
206 2070 254 2098 neea
265 2056 325 2110 sain
339 2072 402 2100 raino
417 2059 491 2100 lnenni
508 2058 617 2112 spoliavit
630 2064 701 2112 opaco,

199 2126 259 2166 nrede
274 2125 330 2167 data
347 2131 381 2167 est
395 2139 476 2180 aegrae
488 2125 575 2180 fiscina
586 2125 682 2179 frondis
695 2126 742 2168 ovi:

169 2192 199 2233 a'a
215 2193 304 2234 neniarn
320 2195 404 2248 cnlpae.
422 2207 460 2235 nee
475 2195 528 2235 einen
544 2194 705 2248 degrandinat,
723 2194 781 2235 obsit
809 2242 810 2245 Ἴ

198 2262 285 2315 agresti
294 2261 356 2315 sario
371 2262 515 2316 supposuisse
526 2267 601 2316 peens.

118 2334 120 2338 ’
168 2342 205 2370 nee
222 2336 299 2372 noceat
308 2330 416 2374 ,tnrbasse
431 2331 500 2372 laetis.
518 2329 625 2384 ignoscite
640 2330 750 2384 rnrrnpliae

197 2403 257 2439 mota
273 2398 332 2452 qnod
346 2398 451 2439 obscnras
467 2399 555 2452 nngnla
566 2397 626 2451 feeit
641 2408 718 2452 aqnas.

138 2504 246 2559 Spectant
270 2508 301 2550 uti
325 2507 389 2550 facile
413 2509 488 2550 videre
504 2515 538 2550 est
553 2508 639 2562 piacula
655 2509 730 2550 omnia
747 2510 774 2551 ad
791 2509 890 2551 manium

109 2575 260 2626 sepulcrorum
276 2576 380 2618 fanorum
396 2576 496 2619 lucorum
511 2573 595 2632 iura1).

284 2645 285 2648 =
349 2635 352 2644 ⁸
556 2637 562 2651 Ι

133 2730 150 2775 1)
163 2732 275 2770 Notandum
288 2738 318 2769 est
330 2734 406 2780 piacula
418 2734 466 2770 haec
479 2746 519 2770 non
532 2735 597 2770 omnia
609 2745 653 2771 esse
665 2736 715 2771 sacri
727 2735 751 2771 ab
768 2735 890 2781 imprudente

109 2790 212 2833 commissi,
235 2791 270 2827 sed
289 2791 347 2827 etiam
365 2791 415 2827 sacri
434 2802 444 2826 a
462 2792 559 2836 prudente
578 2792 681 2834 commissi,
699 2802 767 2827 verum
785 2793 845 2828 iustas
863 2792 889 2828 ob
