2051 3214
463 148 490 189 81

89 275 175 330 aliquot
200 271 254 314 locis
282 270 409 313 vindemiae
435 272 532 325 peininm
557 273 584 314 ab
608 271 762 315 saeeeaartms
784 272 872 327 publice

85 343 180 400 fiebant,
204 346 232 381 nt
253 340 336 381 Romae
356 337 425 381 etiam
442 353 513 381 nnnc:
530 354 582 383 nam
594 340 683 394 flamen
698 339 779 383 Dialis
794 341 872 395 anspi-

88 417 153 454 eatae
183 408 321 451 vindemiam
346 414 368 450 et
389 414 416 449 nt
439 407 509 451 inssit
531 410 609 452 vinnm
633 412 711 465 legere,
737 423 799 464 agna
823 409 872 452 Ioni

84 478 152 535 facit,
178 478 238 519 inter
259 476 339 532 anonas
362 483 418 527 enta¹
438 490 505 519 caesa
525 485 547 519 et
562 485 667 533 porrecta
677 478 768 532 flamen
780 477 872 532 peirnns

87 548 165 591 ninam
189 544 251 600 legit.
273 545 328 588 Tres
349 551 424 599 partes
440 545 506 600 igitur
523 548 666 589 caeremonia
681 547 790 589 habebat:
807 560 870 600 prae-

87 615 182 659 cedebat
197 614 320 667 auspicatio
333 633 365 642 *—
381 626 433 655 nam
450 614 575 656 vindemiae
592 628 645 674 cura
661 628 706 657 non
720 615 773 657 levis
788 621 835 657 erat
849 615 871 657 in

87 683 153 727 Latio
168 695 208 733 -;
226 682 307 724 deinde
323 694 381 737 agna
396 681 442 724 Iovi
458 683 610 737 mactabatur3
626 689 742 737 postremo
758 683 804 726 Iovi
816 696 872 737 quo-

87 766 129 807 que
147 751 204 792 inter
227 757 279 793 exta
302 763 368 792 caesa
391 757 413 792 et
436 757 538 804 porrecta
559 752 708 805 praemetium
729 752 773 793 vini
794 751 870 794 fiebat.

87 819 175 862 Etenim
191 819 248 860 sIcut
261 818 407 872 praemetium
416 819 527 872 spicarum
536 818 612 862 Cereri
620 820 722 871 dabatur,
731 820 761 862 ita
769 832 870 873 praeme-

87 889 142 931 tium
158 887 202 928 vini
217 886 262 928 Iovi
279 887 355 928 datum
372 887 484 930 existimo.
500 887 581 929 Paulus
594 887 623 930 M.
633 888 677 930 235
686 888 705 930 L
714 887 757 930 267
766 889 871 930 universe

87 956 150 999 dicit:
166 954 313 1009 praemetimn
325 955 385 1010 qnod
393 946 568 1010 praelibationis
577 970 647 998 caiisa
656 963 709 998 arete
713 956 869 1011 praemetitur.

114 1023 203 1079 Agnam
219 1031 294 1066 autem
310 1037 367 1079 quae
380 1023 425 1066 Iovi
438 1025 601 1077 immolabatur,
616 1025 685 1067 fuisse
698 1026 869 1079 praecidaneam

86 1094 126 1136 hae
150 1093 247 1135 rationes
271 1093 374 1147 probant,
398 1094 420 1134 ni
441 1092 511 1136 fallor.
535 1093 597 1135 Prior
621 1100 656 1151 est
672 1093 830 1135 similitudinis.
846 1093 870 1136 Si

87 1164 145 1205 enim
166 1162 314 1215 praecidanea
329 1161 432 1204 facienda
448 1169 502 1213 erat,
519 1169 639 1222 antequam
656 1162 690 1203 far
706 1163 804 1205 triticum
819 1162 869 1205 hor-

87 1233 153 1274 deum
169 1231 221 1273 faba
236 1243 313 1281 semen
330 1231 437 1284 rapicium
453 1232 594 1282 conderetur,
611 1232 707 1273 eandem
723 1230 796 1285 legem
812 1236 835 1272 et
847 1231 869 1272 in

87 1300 198 1342 vindemia
221 1299 317 1341 valuisse
337 1299 384 1340 iure
400 1299 562 1353 expectaveris.
577 1298 655 1341 Altera
670 1306 745 1342 autem
762 1299 819 1341 ratio
835 1306 870 1341 est

86 1369 133 1422 ipsa
157 1369 219 1423 origo
244 1367 350 1410 sacrificii.
372 1367 429 1410 Nam
446 1375 521 1410 narrat
536 1367 615 1418 Varro,
633 1374 692 1410 teste
707 1367 778 1409 Plinio
793 1366 822 1409 Ν.
838 1367 868 1409 H.

85 1436 156 1479 XVIII
180 1437 224 1479 289
246 1437 305 1478 hunc
327 1437 386 1478 diem
407 1435 490 1477 festum
505 1437 678 1490 tempestatibus
693 1436 802 1477 leniendis
819 1446 869 1477 esse
906 1473 907 1476 ,

84 1505 217 1547 institutum.
235 1503 290 1547 Cum
307 1510 382 1547 autem
399 1511 489 1546 constet
496 1504 612 1546 Romanos
620 1503 721 1558 publicas
730 1503 868 1546 calamitates

84 1573 214 1628 plerumque
230 1573 358 1616 attribuisse
374 1572 514 1628 neglIgentiis
528 1573 613 1615 uitiIsve
621 1573 649 1614 ab
657 1572 799 1626 imprudente
808 1585 869 1614 com-

85 1642 165 1692 missis,
182 1655 227 1683 non
244 1642 322 1684 dubito
338 1642 391 1695 quin
405 1654 462 1696 agna
473 1641 516 1683 hoc
525 1641 618 1683 consilio
627 1646 725 1682 mactata
733 1640 769 1691 sit,
777 1647 802 1682 ut
810 1639 867 1682 Iovis

84 1710 115 1751 ira
130 1710 160 1751 ob
176 1723 239 1752 sacra
254 1710 276 1751 in
293 1708 403 1751 vindemia
417 1722 456 1762 per
469 1709 642 1762 imprudentiam
652 1709 814 1751 committenda
822 1708 866 1751 iam

84 1784 134 1819 ante
155 1778 260 1831 piaretur.
281 1777 369 1832 Agnam
386 1791 438 1819 vero
454 1778 603 1830 praecidaneo
619 1772 727 1819 sacrificio
744 1789 867 1832 congruere

11 1872 12 1875 =
83 1844 163 1887 Paulus
187 1847 254 1889 docet
277 1845 300 1887 M
323 1846 367 1887 223
388 1845 479 1898 L250;
495 1847 607 1899 propriam
623 1846 719 1887 hostiam
736 1844 805 1887 fuisse
820 1845 867 1889 Iovi

42 1960 43 1963 Ἴ
84 1912 177 1956 Ovidius
192 1915 255 1957 Fast.
271 1914 324 1956 156
340 1913 419 1956 [didas
435 1914 487 1956 alba
503 1914 552 1956 Ioni
563 1914 678 1969 grandior
692 1928 754 1969 agna
768 1913 832 1955 eadit
841 1911 864 1969 ¹).

365 2040 439 2082 Pars
469 2040 581 2082 altera.

83 2132 117 2174 De
128 2133 220 2188 piacnlo
235 2134 297 2175 sacri
311 2147 325 2174 a
336 2133 448 2188 pendente
461 2133 509 2175 sive
521 2132 634 2175 commissi
645 2132 693 2174 sine
705 2133 864 2175 committendi.

112 2259 233 2316 Hucusque
258 2261 286 2302 de
309 2259 335 2301 iis
359 2265 447 2302 tantum
470 2260 556 2315 egimus
573 2260 642 2301 saeris
658 2260 792 2312 commissis,
807 2272 864 2314 quae

83 2327 110 2369 ab
125 2329 273 2382 imprudente,
291 2328 381 2370 minime
397 2342 450 2370 vero
467 2328 569 2370 consulto
583 2327 669 2370 fierent.
683 2327 699 2369 P
708 2342 740 2370 ru
749 2329 763 2370 d
772 2342 784 2370 e
793 2341 807 2369 n
816 2335 825 2370 t
834 2343 846 2370 e
855 2343 864 2370 r

83 2402 157 2437 autem
173 2404 195 2440 et
211 2398 246 2439 de
263 2410 296 2438 co
306 2409 319 2437 n
328 2410 339 2438 s
348 2395 376 2438 ul
386 2402 416 2438 to
432 2397 466 2438 ius
481 2397 580 2439 divinum
594 2395 691 2438 laeditur
699 2395 781 2450 duplici
789 2398 864 2439 modo.

83 2462 171 2506 Etenim
195 2465 232 2520 qui
255 2466 354 2519 prudens
377 2464 411 2506 ius
435 2464 503 2507 violat
527 2471 565 2506 aut
589 2465 634 2518 agit
657 2464 865 2506 necessitate

83 2540 224 2584 coactus,
249 2535 356 2575 iustas
380 2534 417 2574 ob
440 2546 563 2583 causas,
585 2532 653 2574 sine
675 2532 749 2575 dolo
770 2531 862 2583 malo;

82 2607 120 2642 aut
143 2600 215 2656 legem
240 2614 285 2644 non
310 2606 384 2644 servat
415 2601 451 2642 ob
475 2600 697 2647 temeritatem
722 2606 752 2642 et
775 2600 863 2641 auda-

82 2693 179 2702 ᾗ,
216 2700 219 2703 .

107 2750 122 2787 ll
142 2752 222 2795 Krause,
242 2752 263 2786 de
276 2751 328 2788 Ram.
341 2749 404 2785 dostiis
418 2754 485 2795 qnaest.
499 2750 562 2793 select,
574 2761 593 2795 p.
606 2752 629 2784 22
642 2750 712 2787 Iniuria
725 2754 781 2795 putat
793 2749 862 2785 Varro-

82 2815 125 2842 nem
139 2818 212 2844 errasse
226 2812 245 2843 et
259 2818 294 2853 pro
307 2818 359 2853 agna
373 2807 497 2843 scribendum
512 2816 555 2842 esse
568 2816 622 2851 agna.

779 2870 790 2903 6
