2051 3214
442 137 471 178 63

9 294 11 296 v
69 272 120 315 dum
140 262 228 321 publico
251 262 339 305 uomiue
362 261 501 317 Spoletinum
520 264 603 319 piatur
617 269 742 313 osteutum;
759 277 812 305 uam
831 270 853 306 et

69 340 138 383 [ouem
154 333 196 376 viu
207 330 345 386 propitiavit
359 337 437 374 octava
453 332 564 384 mactatio,
582 339 604 374 et
619 332 733 374 Fortunae
745 330 851 374 Publicae

68 399 197 456 multiiugis
220 398 300 441 leostiis
324 399 474 455 nequidquam
490 400 621 443 undecimus
637 400 706 442 louor
716 398 799 453 factus
812 405 851 442 est.

70 471 181 528 Quidquid
196 468 219 510 id
235 474 275 519 est,
291 474 392 522 spectato
406 467 517 509 Plutarchi
530 468 667 519 testimonio,
681 467 793 510 affirmare
807 481 852 510 non

69 537 213 587 dubitaverim
229 550 242 578 e
258 535 373 589 disciplina
388 536 491 578 Romana
505 550 593 591 semper
606 550 676 591 usque
690 536 718 578 ad
731 535 853 589 perlitatio-

68 623 118 653 nem
142 606 210 648 fuisse
230 604 408 647 sacrificandum.
430 604 498 657 Quod
513 605 603 659 insuper
618 605 687 658 ipsius
704 604 853 646 succidaneae

0 697 2 699 ’
68 678 122 721 ratio
146 688 172 717 ac
195 679 274 715 natura
298 671 395 715 dilucide
418 673 525 715 ostendit.
549 673 639 716 Etenim
660 672 751 727 piaculi
769 671 852 727 gratia

68 736 176 790 mactatur
197 742 337 792 succidanea,
354 747 393 783 aut
408 742 469 796 quod
485 755 573 784 sacrum
589 742 611 782 in
628 741 762 796 peragendis
778 754 853 783 caere-

69 813 148 856 moniis
164 817 198 852 est
214 811 366 862 commissum,
382 817 420 851 aut
436 811 497 864 quod
514 811 536 852 di
551 810 593 864 ipsi
607 809 784 851 sacrificantibus
797 811 853 851 iram

68 884 96 925 ob
118 882 152 922 ius
176 879 260 920 laesum
284 877 391 932 prodigiis
415 879 545 920 ostendunt.
570 876 627 919 Cum
652 884 727 919 autem
752 879 789 932 qui
805 878 853 919 iure

3 981 4 984 ,
69 950 141 993 divino
170 946 251 989 violato
282 947 336 988 deos
359 946 448 999 placare
471 953 567 997 recusat,
592 946 620 987 ab
644 946 749 988 omnibus
772 946 854 999 impius

68 1016 182 1060 habendus
198 1015 233 1066 sit,
250 1016 350 1069 sequitur
366 1021 397 1065 ut,
413 1014 466 1070 quin
481 1016 577 1069 graviter
586 1014 608 1055 di
616 1014 769 1065 offendantur,
779 1015 854 1057 debita

69 1084 154 1128 iteratio
170 1083 213 1125 ritu
229 1082 332 1126 Romano
348 1095 470 1137 numquam
487 1083 560 1125 omitti
575 1083 653 1135 possiti

97 1153 120 1194 In
143 1151 289 1194 Etruscorum
313 1157 388 1192 autem
413 1149 530 1204 disciplina
551 1151 699 1192 succidaneae
715 1151 771 1193 ratio
787 1151 853 1205 plane

73 1222 158 1264 diversa
181 1226 226 1270 est;
248 1233 293 1274 quo
313 1219 355 1260 ritu
371 1218 502 1273 plerumque
518 1208 643 1260 sacrificant
659 1231 705 1260 rem
722 1208 813 1274 gesturi,
829 1225 854 1261 ut

71 1289 128 1331 extis
147 1287 291 1341 inspiciendis
307 1287 401 1329 deorum
417 1286 555 1339 voluntatem
572 1286 696 1341 exquirant.
713 1285 737 1328 Si
753 1294 806 1329 exta
820 1288 853 1329 in·

69 1357 141 1398 fausta
154 1362 212 1405 sunt,
230 1362 277 1397 tum
293 1361 331 1398 aut
347 1355 487 1397 succidaneis
496 1367 552 1409 opus
561 1361 601 1406 est,
610 1361 635 1396 ut
643 1355 791 1409 propitientur
800 1356 822 1398 di
830 1362 853 1397 et

2 1446 3 1449 ¹
69 1431 189 1466 exorentur
209 1431 247 1466 aut
267 1425 290 1466 id
314 1424 376 1465 cuius
397 1424 429 1465 rei
444 1436 512 1465 causa
527 1430 580 1466 exta
596 1423 697 1466 consulta
713 1430 773 1475 sunt,
789 1437 851 1478 pera·

69 1506 119 1547 gere
135 1505 179 1534 non
196 1491 253 1543 licet,
270 1505 320 1534 cum
337 1505 382 1533 non
398 1492 441 1533 nisi
458 1492 491 1533 dis
507 1491 635 1534 auctoribus
651 1491 797 1547 propitiisque
806 1505 852 1534 rem

70 1562 158 1615 aggredi
173 1560 207 1602 fas
223 1560 258 1602 sit.
272 1559 376 1614 Sequitur
390 1574 419 1601 ex
432 1559 579 1602 Etruscorum
592 1560 677 1613 placitis
686 1559 852 1614 perlitationem

69 1642 112 1670 non
135 1642 185 1671 esse
208 1628 368 1681 neccssariam3
393 1629 411 1669 si
435 1629 483 1683 quis
500 1636 575 1670 tamen
591 1629 639 1670 sine
654 1628 754 1671 litatione
770 1631 799 1671 ad
816 1642 851 1671 res

69 1698 175 1750 gerendas
203 1696 361 1750 proficiscatur,
391 1702 466 1750 spreta
495 1696 600 1751 religione
628 1697 651 1738 in
674 1698 769 1739 deorum
792 1698 849 1739 iram

69 1765 154 1806 noverit
177 1778 201 1806 se
224 1765 370 1815 incursurum,
392 1764 419 1806 ci.
441 1763 504 1807 Suet.
524 1763 584 1823 Caes.
602 1765 629 1806 81
643 1764 752 1819 pluribus
768 1764 850 1807 hostiis

69 1831 138 1874 caesis
161 1846 209 1874 caue
232 1832 301 1875 litare
323 1846 367 1874 uou
384 1839 465 1887 posset,
484 1826 589 1875 iutroivit
603 1832 689 1875 curiam
706 1839 783 1887 spreta
799 1833 852 1877 reli-

66 1898 138 1951 gioue.
152 1899 203 1954 Quo
224 1914 274 1942 cum
291 1896 555 1954 testimonio'compares
572 1900 637 1942 velim
654 1892 722 1943 verba
738 1901 795 1943 Livii
811 1901 852 1958 (VI

3 1966 4 1969 ’
71 1965 141 2023 1.12)
165 1970 281 2020 narrantis,
306 1969 430 2010 exercitum
453 1968 529 2022 populi
545 1969 641 2011 Romani
656 1982 748 2024 gravem
764 1969 852 2012 cladem

70 2037 186 2089 accepisse,
205 2049 267 2079 ‘cum
289 2036 399 2090 Sulpicius
422 2038 471 2079 sine
494 2036 596 2080 litatione
619 2050 661 2079 nec
683 2038 775 2079 inventa
797 2051 853 2092 pace

70 2104 160 2146 deorum
182 2105 318 2147 dimicasset.
338 2105 362 2146 In
378 2105 520 2158 haruspicum
536 2112 611 2147 autem
628 2105 671 2147 ritu
686 2104 852 2159 perlitationem

40 2206 42 2209 .
70 2184 113 2212 non
129 2186 217 2227 semper
233 2187 282 2216 esse
298 2174 464 2227 praescriptam,
481 2187 527 2215 non
542 2179 630 2215 tantum
643 2174 709 2215 docet
722 2173 791 2226 ipsius
802 2187 850 2233 suc-

70 2240 175 2283 cidaneae
198 2248 278 2284 natura
301 2255 327 2284 ac
350 2242 413 2293 ratio,
439 2242 480 2284 sed
501 2248 523 2283 et
545 2242 593 2295 ipse
616 2241 693 2282 Livius
709 2240 761 2282 XLI
778 2243 812 2294 15,
829 2243 851 2293 3,

70 2307 107 2347 ubi
127 2310 248 2352 memoriae
271 2310 345 2360 tradit,
362 2316 472 2360 senatum,
489 2322 540 2351 cum
556 2308 635 2351 consul
650 2322 674 2351 se
690 2309 762 2352 tribus
778 2311 851 2352 bubus

70 2375 183 2426 perlitasse
207 2384 318 2433 negasset,
342 2378 463 2420 maioribus
487 2377 564 2420 hostiis
587 2390 658 2431 usque
678 2378 707 2419 ad
727 2377 851 2420 litationem

70 2445 186 2488 sacrificari
209 2446 307 2489 iussisse.
331 2445 388 2488 Nam
412 2446 431 2488 si
454 2459 484 2487 ex
500 2460 565 2488 sacro
579 2445 723 2499 haruspicum
740 2446 787 2488 iure
802 2459 851 2500 per-

70 2509 139 2555 litatio
162 2516 298 2569 praescripta
322 2513 407 2565 fuisset,
431 2514 555 2556 certissime
579 2526 621 2555 nec
644 2513 723 2555 consul
745 2514 852 2558 litationis

71 2590 155 2623 moram
179 2583 311 2634 nuntiasset,
334 2595 375 2624 nec
398 2581 495 2636 speciale
512 2583 625 2643 decretum
643 2589 734 2624 senatus
750 2596 853 2625 necessa·

3 2655 5 2657 ’
70 2645 124 2689 rium
148 2649 233 2693 luisset.
257 2650 321 2705 Quae
344 2651 366 2692 in
390 2651 483 2692 dubium
508 2663 612 2692 revocare
636 2650 654 2690 si
677 2650 726 2705 quis
742 2650 851 2702 maluerit,

7 2715 9 2718 ’
70 2711 127 2768 legat
143 2731 199 2772 quae
215 2721 283 2761 verba
298 2719 374 2761 statim
391 2718 466 2760 Livius
482 2719 556 2760 addit:
570 2717 648 2759 ceteris
660 2718 708 2760 diis
717 2718 850 2772 perlitatum

8 2783 10 2785 ’
67 2779 154 2836 feruut,
171 2786 248 2828 Saluti
262 2786 366 2829 Petilium
380 2785 503 2841 perlitasse
518 2792 607 2841 uegaut.
