2051 3214
433 154 463 196 99

58 284 101 331 204
116 279 182 323 coires
197 278 298 334 euspicio
314 280 386 321 classe
397 278 514 333 procincti
532 280 606 335 opimo
622 279 695 335 spolie
711 279 839 334 capiuntur,

59 351 105 398 Ioui
127 348 227 392 Feretrio
250 348 323 390 lovere
347 347 446 397 coedito;
469 348 509 402 qoi
531 349 589 403 cepit
611 348 672 390 ceris
695 346 751 390 CCC
765 347 844 389 darier

58 424 145 477 oportet.
161 416 261 459 secondo
277 414 357 471 spolio,
376 415 400 457 ire
417 415 503 457 Mortis
518 431 561 459 oro
575 417 599 460 irc
614 423 691 471 corripe
699 414 842 458 solitaurilia

2 501 4 503 ’
58 496 110 533 otro
137 485 235 528 voluerit
256 483 348 534 caedito,
374 480 425 540 [qoi
447 484 509 538 cepit,
535 485 596 527 aeris
622 483 660 527 CC
681 481 750 541 dcccl
774 482 843 525 tertio

1 557 14 601 s?
58 554 130 612 spolio
153 553 224 595 leoni
243 551 340 606 Quirirco
356 566 441 606 egerere
458 566 541 595 morere
557 552 657 603 coedito;
675 551 694 594 C
707 551 747 607 qui
761 551 845 606 ceperit

58 640 85 669 er
107 635 158 664 eere
181 621 241 663 doto.
265 620 331 662 coiis
352 619 454 674 oicspicio
475 627 548 675 coepto,
566 621 605 663 ees
617 620 736 675 piaculum
752 620 806 662 docio
817 616 841 675 ¹).

3 739 5 741 ,
58 693 120 747 Quae
143 689 181 731 lex
204 703 217 730 a
241 688 309 731 Festo
334 687 403 730 relata
418 687 526 742 Pompilio
543 690 589 745 regi
604 689 715 731 tribuitur.
732 688 766 730 De
781 688 843 730 hisce

58 760 130 814 regiae
145 758 200 812 legis
216 756 292 811 spoliis
309 757 371 808 haec,
388 757 410 798 ni
427 755 497 808 fallor,
515 764 576 801 certe
592 763 704 800 constant.
719 757 769 799 Lex
777 756 842 799 Pom-

6 853 9 868 :
58 828 93 884 pili
109 827 167 882 regis
184 825 255 868 multo
271 825 379 867 vetustior
395 831 430 867 est
446 825 549 869 habenda
564 839 632 881 quam
648 826 697 879 ipsa
715 827 777 881 origo
794 826 842 867 eius

9 897 11 930 ἶ
58 895 150 946 fabulae,
172 908 229 949 quae
246 895 274 936 de
289 893 380 935 Romuli
395 892 471 947 spoliis
487 895 567 948 opimis
583 901 624 936 est.
642 893 732 936 Etenim
748 894 843 947 Pompili

57 965 110 1019 Iegis
134 963 205 1016 spolia
229 962 383 1005 consecranda
406 962 452 1004 Iovi
472 961 537 1005 Marti
561 962 656 1017 Quirino
672 969 730 1014 sunt,
748 964 841 1005 deorum

7 1046 9 1048 ’
57 1033 85 1076 illi
108 1031 180 1084 triadi,
205 1044 262 1085 quae
285 1030 381 1084 pertinet
397 1031 425 1073 ad
442 1030 526 1072 cultum
542 1031 696 1073 Romanorum
714 1031 841 1085 antiquissi-

58 1113 117 1143 mum
129 1095 158 1154 ²);
183 1099 265 1141 deinde
286 1099 323 1140 lex
339 1099 385 1154 agit
401 1100 429 1141 de
445 1098 527 1152 spoliis,
545 1113 602 1154 quae
618 1112 631 1139 a
647 1098 716 1141 milite
732 1100 773 1140 sub
789 1098 842 1140 alte·

59 1170 102 1210 rius
126 1167 230 1221 auspiciis
253 1174 374 1221 pugnante,
392 1179 437 1209 non
454 1168 482 1208 ab
497 1167 546 1220 ipso
563 1168 620 1218 dujce
636 1167 764 1222 capiuntur;
780 1166 842 1208 deni-

58 1250 100 1291 que
123 1235 217 1289 Pompili
241 1236 299 1290 regis
323 1223 393 1289 spolia
415 1236 513 1277 hostium
537 1236 650 1287 militibus,
674 1236 765 1277 minime
788 1249 841 1277 vero

58 1305 107 1347 duci
135 1304 288 1346 detrahuntur.
312 1304 336 1347 Si
360 1306 418 1346 enim
444 1305 621 1359 magnitudinem
645 1305 794 1358 praemiorum
819 1310 842 1346 et

6 1388 7 1391 ¹
57 1374 173 1427 praecipue
196 1373 346 1427 praemiorum
368 1374 538 1416 diminutionem
555 1379 641 1416 attente
657 1373 840 1425 consideraveris,

8 1480 9 1484 ,
57 1440 119 1483 facile
141 1441 227 1484 videbis
247 1440 320 1496 legem
344 1442 427 1497 regiam
444 1442 473 1483 ad
490 1455 529 1483 eos
546 1447 648 1495 spectare
663 1441 778 1484 Romanos
794 1440 840 1482 bel-

3 1510 16 1546 f
56 1509 143 1560 latores,
168 1511 206 1564 qui
229 1510 251 1551 in
276 1523 320 1551 una
336 1511 461 1564 eademque
477 1523 552 1565 pugna
568 1523 621 1564 prae
637 1511 717 1552 ceteris
733 1510 840 1552 militibus

1 1572 16 1635 ’,ᾗ
57 1576 219 1630 excelluerunt3
242 1591 336 1632 quorum
358 1580 424 1620 trium
441 1579 539 1620 virorum
555 1578 646 1621 fortium
662 1579 786 1620 maximum
801 1578 839 1621 ho·

56 1657 132 1687 norem
153 1646 172 1688 is
188 1646 282 1698 obtinet,
299 1647 337 1701 qui
352 1647 436 1700 primus
452 1647 553 1688 omnium
569 1647 628 1689 hosti
643 1646 701 1688 uitro
716 1654 838 1701 provocato

6 1714 7 1717 ’
55 1713 169 1766 procincta
189 1715 237 1757 acie
253 1714 323 1768 spolia
340 1715 444 1767 detraxit,
461 1716 570 1758 minorem
587 1715 624 1770 qui
640 1716 759 1767 secundus,
776 1716 839 1757 mini-

56 1794 115 1822 mum
140 1783 178 1836 qui
202 1782 287 1824 tertius.
304 1781 380 1835 Quare
396 1783 490 1836 Pompili
505 1783 560 1838 legis
576 1781 646 1836 spolia
661 1783 747 1825 honore
763 1798 776 1825 a
792 1783 837 1825 Ro-

13 1886 15 1889 ,
55 1849 106 1891 muli
130 1849 195 1893 Cossi
219 1850 317 1893 Marcelli
340 1851 416 1905 spoliis
440 1857 489 1893 toto
513 1851 577 1893 coelo
598 1851 682 1893 distant
698 1858 720 1894 et
736 1852 838 1893 eiusdem

43 1917 166 1973 ¹dignitatis
182 1926 234 1961 sunt
249 1919 353 1961 habenda
368 1933 394 1961 ac
411 1919 498 1961 minora
513 1919 550 1960 illa
565 1918 636 1973 spolia
651 1919 732 1972 opima,
749 1921 777 1961 de
791 1920 838 1974 qui-

2 2015 4 2018 ψ
55 1987 95 2028 bus
111 1987 188 2030 Livius
204 1989 249 2043 agit
264 1987 335 2029 XXIII
349 1988 385 2030 46.
404 1989 443 2030 13:
463 1987 551 2029 Torree
561 2021 564 2028 .
575 2018 595 2029 ..
612 1987 717 2029 obiisset
725 1986 838 2030 Cleodiies

4 2099 6 2102 ζ
55 2053 146 2097 Asellis
168 2055 283 2111 quaesiuit
306 2062 328 2097 ec‘
348 2056 454 2111 quereiam
470 2055 544 2097 verbis
559 2068 632 2097 securi
649 2055 676 2096 de
691 2055 776 2097 virtute
791 2069 838 2097 eoi-

4 2135 6 2155 1
55 2121 127 2176 ligere
141 2124 223 2166 solitos
239 2130 302 2175 esset,
318 2137 358 2165 cor
374 2138 418 2166 ooo
429 2123 494 2177 ferro
510 2124 635 2165 decerneret
650 2123 838 2178 doretqoespolio

55 2190 127 2243 ope'oeec
143 2192 218 2234 victos
234 2197 276 2234 cot
290 2191 360 2233 victor
375 2197 468 2246 caperet.
486 2190 550 2244 Quae
566 2190 639 2245 opimo
654 2190 728 2244 spolio
736 2192 837 2233 eiusdem

55 2260 140 2311 generis
164 2267 216 2302 sunt
240 2266 307 2314 atque
331 2273 357 2301 ea
380 2273 438 2314 quae
461 2260 535 2314 spolie
555 2258 712 2314 provocatoria
736 2258 837 2302 aGelli0

1 2361 10 2369 ⁴.
55 2327 197 2370 nominantur
212 2328 242 2371 Ν.
259 2326 286 2369 Α.
303 2327 321 2369 II
338 2329 372 2369 11.
389 2329 409 2369 3.

83 2392 133 2437 Duo
157 2402 233 2438 autem
255 2394 376 2448 spoliorum
393 2395 519 2449 opimorum
536 2397 593 2438 adeo
608 2395 666 2436 inter
682 2408 706 2436 se
723 2395 837 2438 dissimilia

6 2481 8 2525 j
55 2472 141 2515 genera,
158 2470 184 2505 ut
198 2462 289 2506 Romuli
305 2470 327 2506 et
342 2462 437 2517 Pompili
452 2463 507 2518 legis
523 2464 593 2517 spolia
607 2469 678 2515 erant,
690 2464 732 2516 ipsi
741 2464 837 2506 Romani

56 2572 150 2582 ‘'x—-

6 2654 7 2657 ¹
77 2635 94 2679 1)
106 2638 224 2675 Emendavit
243 2638 263 2674 C.
283 2638 306 2674 Ο,
325 2638 398 2674 Mulier.
413 2639 575 2675 Emendationem
589 2627 632 2674 es‘se
644 2642 717 2674 rectam
730 2639 835 2684 praecipue

5 2704 10 2710 „
55 2695 160 2730 ostendunt
172 2697 233 2732 verba
245 2695 294 2730 Plut.
307 2695 369 2730 Mare.
382 2700 399 2739 8,
413 2695 438 2732 cf.
451 2696 526 2738 Bruno,
539 2707 557 2741 p.
571 2700 581 2731 8
594 2705 628 2739 sq..

77 2747 94 2794 2]
109 2749 137 2788 Cf.
150 2752 236 2796 Norden,
249 2751 261 2786 l.
274 2751 286 2785 l.
299 2756 319 2787 et
331 2752 433 2795 Wissowa,
446 2750 469 2785 R.
482 2752 521 2795 K.²,
534 2763 553 2797 p.
566 2755 594 2787 23.
605 2751 626 2786 In
635 2752 748 2788 memoriam
754 2762 835 2787 revoces

3 2807 14 2850 ᾖ
56 2803 141 2843 flamines
153 2808 229 2844 DIalem
241 2808 349 2844 Mardalem
363 2807 488 2854 Quirinalem.
