2051 3214
182 274 234 303 vero
257 259 371 302 notionem
395 257 453 300 illam
477 259 534 300 adeo
558 271 608 300 esse
632 263 748 310 mutatam,
771 264 796 300 ut
817 257 918 300 lustratio
937 238 979 308 abl
1025 286 1026 295 ,

182 328 309 382 expiatione
331 327 513 382 distingueretur5
537 334 588 381 post
590 340 615 369 ea
639 340 691 369 vero
713 327 820 369 notiones
845 324 982 378 lustrandi
977 311 1020 357 Ψ
1015 344 1021 372 ι

184 403 207 440 et
225 395 337 452 piandi
332 401 362 437 ita
385 395 441 437 inter
469 407 494 436 se
515 408 564 437 esse
581 394 693 446 confusas,
712 401 735 436 ut
727 394 862 437 differen
848 400 892 435 iae
907 400 940 435 ιιι
942 405 966 434 er
932 382 988 452 ι

185 466 257 507 varios
281 476 356 505 sacros
378 463 431 505 ritus
455 476 484 504 ex
507 462 548 504 illis
565 463 602 504 vix
618 468 641 504 et
656 475 685 504 ne
701 463 738 503 vix
756 462 846 573 quidem
863 462 983 516 cognosci
978 452 997 495 ΨΨ
1020 484 1026 503 ι

185 533 278 586 possint.
302 530 372 585 Ipsius
394 532 461 573 verba
481 531 586 573 afferam
606 530 654 582 „En
670 543 757 580 somine,
776 528 883 585 l'ene'gise
894 528 927 584 pli

186 599 273 655 legique
296 612 323 640 ne
340 604 427 654 pennu
445 605 490 654 pus
511 597 620 641 d’nsseoir
639 612 681 640 sni
697 604 748 640 taint
763 598 791 640 de
806 604 885 640 termes
900 596 924 639 in

185 666 332 721 inungendus
355 679 399 708 nne
421 666 553 708 distinction
577 672 635 708 nene
655 672 717 708 entre
737 666 761 707 lu
774 664 924 720 purificationi

186 733 307 777 lustration
327 739 469 788 proprement
492 734 539 776 dite
562 741 584 776 et
605 731 738 789 l’enpintiun
761 729 902 788 religiense’'
981 775 993 795 ζ,

186 804 275 858 quidem
291 802 395 856 opinione
409 802 469 844 idern
486 803 517 844 vir
533 803 585 844 doct
577 809 612 844 tus
629 816 656 845 eo
673 801 757 844 adduct
749 808 785 844 tus
802 808 843 853 est,
828 807 883 843 tut
899 799 952 842 mult
944 807 967 842 ta
979 794 994 873 ι
1000 819 1013 859 q

186 870 298 921 sacrificia,
322 883 378 924 quae
402 877 448 912 turn
472 870 562 922 alibi‚t
554 877 601 913 tum
624 871 646 912 in
671 870 727 912 actis
750 869 844 912 fratrum
860 844 984 918 ιιιιιιιιιιιιιΨ
978 868 1021 924 ιζ,

133 980 134 983 ,
183 939 278 994 piucnld
294 938 402 990 dicuntur,
418 938 476 981 inter
491 938 638 981 lustrationes
653 945 787 980 numeraret,
978 917 996 951 Ψ

215 1007 290 1061 Quare
311 1006 370 1048 haud
394 1006 470 1049 inutile
493 1006 565 1058 fuerit,
589 1007 707 1061 inquirere,
731 1019 789 1062 quae
811 1007 882 1060 prima
906 1020 918 1047 v

183 1074 269 1130 piandi
298 1075 330 1116 vis
362 1082 428 1129 atque
459 1075 589 1131 significatio
621 1075 698 1127 fuerit;
723 1088 767 1129 qua
790 1088 857 1129 porro
880 1075 986 1118 rati

186 1144 268 1185 sensim
285 1149 369 1185 mutata
384 1144 406 1185 in
423 1142 487 1185 aliam
503 1149 569 1198 atque
585 1142 650 1185 aliam
666 1143 785 1185 transierit.
802 1142 890 1185 Etenim
908 1142 966 1184 vide

163 1267 166 1270 ,
186 1211 258 1253 bimus
282 1211 384 1253 notiones
404 1211 526 1267 purgandi
547 1211 580 1253 vel
604 1210 683 1268 luendi
701 1217 788 1266 poenus
803 1225 840 1253 eas
856 1224 901 1253 non
917 1223 966 1253 esse

186 1279 307 1331 habendas,
323 1279 345 1320 in
361 1280 440 1333 quibus
456 1293 501 1321 vox
514 1278 600 1334 piandi
615 1274 667 1322 nata
683 1279 718 1330 sit,
736 1279 775 1321 sed
792 1292 845 1334 prae
861 1278 909 1320 aliis
924 1278 966 1333 sig·

527 1510 543 1543 1.
574 1514 627 1543 ntus.
652 1509 656 1516 '

215 1625 238 1667 ln
254 1626 318 1667 huius
332 1626 391 1668 vocis
406 1632 484 1668 natura
492 1626 658 1680 perscrutanda,
667 1626 792 1680 linguarum
801 1626 967 1680 comparatione

178 1707 264 1747 ,parum
280 1694 413 1748 proficimus,
430 1708 481 1736 cum
496 1695 619 1750 linguarum
636 1694 700 1747 periti
684 1694 966 1736 tminimeintersecon-
1007 1698 1026 1726 S·

186 1762 289 1812 sentiant,
313 1775 354 1804 nec
379 1763 451 1804 variae
472 1763 602 1813 seutteniae,
624 1775 666 1816 qua
683 1761 788 1804 facilitate
766 1753 994 1816 tffiproponantur,
983 1756 999 1830 ιι

187 1831 265 1871 eadem
286 1836 309 1872 et
324 1832 497 1883 comprobentur
508 1827 532 1887 Ψ.)
548 1829 635 1883 Quodsi
650 1831 734 1871 omissa
749 1831 810 1872 omni
826 1830 912 1873 ratione
927 1828 966 1871 lin·
989 1833 1019 1889 ιθ

187 1898 286 1953 guistica,
311 1911 340 1939 ex
363 1898 415 1952 ipsis
439 1906 538 1941 veterum
562 1897 656 1951 scriptis,
673 1911 730 1953 quae
743 1897 781 1952 pii
795 1898 823 1940 sit
839 1899 871 1940 vis
887 1905 910 1941 et
925 1898 966 1953 sig·
983 1884 996 1947 ι

187 1965 282 2008 nificatio
306 1966 377 2019 prima
399 1979 477 2008 eruere
500 1965 567 2017 lubet,
587 1966 632 2007 iam
647 1966 722 2008 statim
739 1966 909 2008 concedendum
926 1973 966 2017 est,

187 2034 346 2089 significatione
361 2033 396 2076 illa
412 2034 505 2076 naturali
521 2041 543 2076 et
558 2033 671 2088 principali
680 2034 754 2076 notari
762 2041 863 2077 mutuam
872 2034 966 2089 aliquam

186 2100 364 2143 benevolentiam
387 2108 409 2144 et
425 2102 502 2144 caritat
494 2109 551 2156 t3em
568 2101 703 2143 utaifinitas
719 2102 830 2156 quaedam
846 2115 895 2144 cum
913 2113 997 2144 voce
985 2100 999 2157 Ψ·

187 2169 275 2225 gothica
298 2169 404 2224 insrinnn
428 2171 518 2212 minime
534 2171 562 2212 sit
568 2108 696 2212 ureicienda.
713 2169 761 2212 Mu
753 2177 815 2212 uam
831 2177 905 2212 auem
922 2170 967 2212 dixi

187 2237 364 2280 benevolentiam
389 2245 412 2280 et
433 2239 555 2290 caritatem,
577 2239 629 2292 quia
644 2244 723 2292 suapte
740 2245 819 2280 natura
831 2238 887 2293 pins
902 2238 968 2281 ratio·
991 2234 999 2281 J(

188 2380 274 2416 mutata
290 2381 388 2417 mutatur
404 2381 427 2416 et
443 2375 520 2428 pietas.

217 2456 236 2484 a.
260 2442 333 2484 Pius
350 2450 377 2477 ὲ
394 2456 549 2484 reverens
573 2455 647 2498 erga
670 2449 833 2496 parentes.
996 2493 999 2495 ‚

217 2509 251 2552 De
275 2510 316 2552 hac
339 2511 498 2566 significatione
522 2510 591 2553 multa
615 2510 688 2553 dicere
711 2510 759 2553 iure
783 2511 869 2553 videtur
892 2524 966 2566 super·

187 2591 315 2620 vacaneum.
333 2577 420 2621 Etenim
434 2578 498 2633 pinni
514 2578 605 2621 Aenean
614 2592 719 2622 revocare
726 2579 749 2621 in
758 2584 858 2621 mentem
866 2578 966 2621 sufficiat.

187 2645 236 2687 Hoc
252 2652 338 2688 tantum
354 2646 420 2698 addo,
437 2645 563 2700 Apollinem
580 2659 667 2700 quoque
683 2661 696 2688 a
712 2645 811 2701 Vergilio
827 2645 882 2689 Aen.
897 2646 924 2688 ΙΙΙ
986 2686 1000 2711 J

213 2779 229 2825 1)
242 2777 316 2821 Walde,
329 2780 370 2816 Lat.
384 2779 443 2827 Etym.
462 2779 558 2815 ιιῐϋνιιιι.2
570 2790 588 2826 p.
602 2783 641 2816 587.
