2051 3214
455 162 482 202 83

80 285 146 341 Apud
169 283 286 326 Horatium
310 297 399 339 quoque
425 283 465 327 Od.
490 285 498 326 I
518 286 553 328 28.
571 287 600 328 34
615 286 633 328 is
649 285 687 341 qui
704 285 806 327 manibus
824 286 863 328 de·

80 356 124 399 bita
147 352 194 394 iura
217 351 275 394 ferre
298 359 393 403 recusat,
418 354 591 396 detestationem
615 355 677 396 audit
693 360 755 409 teque
766 353 862 408 piacula

81 422 145 465 nulla
172 422 288 463 resolvent.
313 419 357 474 Qui
379 420 446 475 igitur
468 414 591 475 prudenter
615 422 667 465 dolo
691 421 751 463 malo
776 435 863 464 sacrum

81 489 206 540 committit,
231 489 311 543 impius
336 495 370 531 est
394 495 416 531 et
439 497 521 542 manet,
542 491 577 533 vel
598 490 646 532 aliis
663 491 748 532 verbis:
765 491 863 545 undique

81 558 205 613 exagitatur
220 557 253 599 ira
269 557 369 608 deorum,
387 556 415 599 cf.
432 556 477 600 Cio.
494 559 522 600 de
534 560 576 614 leg.
590 559 608 600 ll
618 560 645 602 19
654 557 758 601 adclines
766 558 864 600 adeunto

80 632 153 677 coste;
172 625 279 680 pietatem
301 625 427 677 adbibeuto,
450 633 499 681 opes
514 634 642 678 acroamata,-
657 627 697 682 qui
712 640 775 669 secus
786 626 863 680 fauit,

81 697 135 738 deus
151 693 198 748 ipse
213 693 298 735 vindex
314 693 359 735 erit
373 700 395 735 et
410 694 418 735 I
434 695 463 737 40
479 694 620 750 impietatum
635 696 700 737 nulla
709 695 809 750 expiatio
817 701 852 736 est
855 710 864 746 ;

81 764 156 817 itaque
174 767 260 816 poenas
283 763 352 804 locarit
374 776 417 803 riou
441 769 487 804 tam
511 763 650 806 iudiciis...
666 764 707 805 sed
721 777 757 805 eos
771 763 866 817 agitant

81 831 262 885 insectanturque
272 829 360 883 suriae,
379 844 422 872 reon
438 831 571 873 ar'deutibus
587 831 666 882 taedis,
684 832 744 873 sicut
759 831 783 873 in
791 830 863 885 fabu-

81 899 116 950 lis,
132 898 173 939 secl
188 911 270 952 angore
285 897 432 940 conscientiae
443 897 584 954 fraudisque
598 899 707 941 cruciatu.

109 967 260 1020 Opponuntur
280 966 347 1021 igitur
366 966 424 1008 inter
438 981 462 1008 se
478 967 590 1020 piaculum
607 975 629 1010 et
645 967 817 1021 inexpiabilitas,
834 967 862 1009 ci.

81 1036 131 1078 Isid.
157 1033 219 1089 Orig.
240 1034 262 1076 V
277 1035 313 1077 26.
330 1035 359 1076 26
372 1034 489 1089 piaculum
506 1035 591 1077 dictum
603 1042 645 1090 pro
661 1049 684 1077 eo
699 1036 758 1091 quod
772 1035 865 1090 expiari

78 1110 163 1160 potest:
179 1102 298 1153 commissa
313 1109 370 1144 sam
383 1103 441 1144 euim
457 1117 514 1158 quae
529 1110 596 1145 erant
610 1117 693 1158 quoque
708 1103 786 1145 ordine
801 1103 863 1158 eapi-

81 1172 143 1214 ancla
160 1170 242 1213 collato
256 1171 278 1212 X
295 1172 335 1213 131
353 1170 513 1225 inexpiabilis:
529 1172 588 1226 quod
595 1171 829 1226 numquameapietur
839 1168 863 1227 1).

112 1307 220 1361 Quaestio
241 1314 281 1358 est,
303 1306 357 1362 legis
374 1307 478 1362 antiquus
495 1308 554 1362 rigor
570 1307 666 1350 fueritne
681 1307 801 1362 aliquando
817 1308 864 1349 mi-

81 1376 223 1431 tigatus?
245 1375 350 1417 Affirmat
373 1375 483 1418 Wissowa
507 1373 543 1431 (R.
559 1372 605 1427 K.2‚
622 1389 643 1429 p.
661 1373 713 1432 393)
728 1376 762 1417 his
777 1376 862 1417 verbis:

83 1443 131 1498 „Ist
151 1444 191 1486 der
216 1444 316 1486 Verstoss
331 1443 469 1485 misseutlieb
485 1444 534 1485 urccl
548 1443 681 1495 absiebtliclc
694 1443 822 1498 geseleben,
839 1457 863 1485 so

81 1512 112 1553 ist
133 1512 190 1554 nael
206 1518 308 1566 strenger
322 1510 469 1566 Auffassuug
479 1511 525 1565 fiir
540 1511 580 1553 ibn
592 1512 722 1567 persb'ulicb
738 1511 787 1553 eine
808 1511 864 1553 Wie-

81 1580 261 1634 clerberstelluug
288 1580 327 1621 cles
355 1583 476 1622 eerstb'rten
505 1580 671 1623 Verbbltnisses
697 1594 741 1622 eur
766 1578 865 1622 Gottlceit

82 1648 270 1702 ausgescblossen,
295 1661 319 1689 er
341 1647 381 1689 bal
401 1648 449 1689 sicb
469 1648 598 1690 seiuerseits
614 1648 747 1690 ausserbalb
764 1648 803 1689 des
816 1648 863 1690 ‘ius

81 1715 190 1758 cliniuum’
204 1718 298 1771 gestellt
311 1717 361 1758 und
376 1716 407 1758 ist
421 1716 510 1767 dariam,
527 1716 581 1758 obice
597 1717 634 1758 die
647 1715 793 1771 Mb'glr'cbbeit
801 1716 863 1759 einer

81 1783 200 1839 Sitbrcnug‚
216 1786 252 1827 als
265 1784 362 1839 ‘impius'
379 1790 442 1827 amar
457 1784 520 1826 uiolet
531 1784 658 1835 eoeltlicber,
674 1784 733 1827 mobl
745 1785 861 1840 abergb'tt-

80 1851 149 1893 licber
170 1851 249 1906 Strafe
264 1851 389 1906 nerfallen;
405 1853 454 1894 eine
468 1852 563 1894 mildere
577 1852 662 1894 Praais
677 1852 720 1894 bat
734 1852 782 1894 sicb
798 1854 863 1895 daun

37 1968 38 1971 Ἴ
81 1920 155 1962 duruit
169 1921 272 1975 begutlgt,
284 1919 331 1973 fiir
346 1921 388 1962 deu
404 1921 460 1963 Fall
473 1920 637 1964 misseutlicber
652 1921 702 1962 und
716 1920 863 1976 oeaosnnu'g-

81 1994 114 2029 ter
141 1987 279 2043 Verfeblung
301 2002 381 2030 ausser
405 1989 445 2030 cler
467 1988 575 2031 sabraleu
599 1988 714 2043 Silbuuug
736 1989 790 2031 uocb
814 1990 863 2032 eine

80 2056 259 2110 strafrecbtlicbe
292 2057 489 2111 Vermb'geusbusse
512 2055 691 2110 festeuseteen.’'
715 2056 789 2111 Quam
812 2072 862 2100 sen-

80 2125 172 2167 tentiam
195 2126 227 2167 vir
243 2125 324 2167 doctus
340 2125 380 2167 hac
397 2126 543 2167 annotatione
558 2128 588 2177 (n.
605 2127 628 2177 4)
644 2126 741 2179 probare
757 2133 861 2169 conatur:

82 2191 123 2245 „So
140 2193 170 2234 im
186 2193 338 2248 Haiugesetee
352 2207 394 2235 oon
411 2193 497 2248 Spoleto
508 2228 511 2235 ‚
522 2224 527 2235 .
537 2207 558 2244 .;
574 2193 631 2235 auclc
647 2193 671 2235 in
685 2194 725 2235 oler
737 2194 861 2251 Leucolou.

80 2312 113 2342 oret
124 2309 145 2344 de
157 2321 175 2345 se
187 2310 226 2355 ipso
238 2310 323 2356 desperet,
330 2310 348 2345 si
356 2313 390 2345 aret
395 2310 494 2356 eupiditate
500 2310 564 2354 nictus,
572 2313 606 2345 aut
611 2310 685 2345 libidine
692 2310 789 2355 impulsus,
796 2314 830 2345 aut
835 2321 863 2345 er-

80 2375 121 2399 rore
133 2365 221 2412 deceptus,
233 2370 267 2407 aret
274 2366 296 2400 vi
301 2369 372 2401 coactus
378 2366 405 2401 aa
410 2366 511 2401 iniustitiae
517 2366 569 2401 uiam
576 2367 640 2412 lapsus
646 2370 676 2401 est.
680 2368 741 2412 potest
746 2366 794 2401 enim
801 2367 866 2401 reduci

80 2431 101 2455 oc
119 2421 199 2466 liberari,
215 2422 233 2457 si
250 2434 290 2457 eum
299 2422 395 2468 paeniteat
406 2426 488 2458 actorum
501 2427 518 2458 et
529 2423 556 2457 orl
566 2422 642 2457 nceliora
655 2433 755 2458 cortversus
767 2423 812 2458 satis
825 2423 863 2458 Deo

82 2476 143 2514 faciat.
157 2479 206 2524 pccoct
213 2478 260 2525 fieri
267 2480 320 2524 posse
335 2478 395 2513 Cicero
407 2490 443 2513 non
452 2479 534 2524 portauit,
547 2478 599 2513 cicius
611 2478 655 2513 baec
665 2478 685 2513 in
696 2478 805 2513 Academico
811 2479 863 2514 tertio

80 2533 134 2568 uerba
146 2538 198 2570 sacrat:
206 2534 261 2580 ‘quocl
265 2534 282 2569 si
287 2535 349 2569 liceret
353 2538 375 2569 ut
379 2534 403 2569 iis
409 2535 442 2580 qni
447 2535 467 2570 in
474 2535 538 2570 itinere
544 2534 684 2579 deerravissent,
691 2535 717 2569 sie
723 2535 782 2569 uitam
789 2535 862 2579 deuiam

80 2590 143 2624 secutis
159 2591 250 2638 corrigere
266 2602 347 2626 errorem
360 2591 476 2637 poenitendo,
484 2591 565 2638 facilior
576 2594 621 2648 esset
631 2591 732 2626 emendatio
745 2591 862 2626 tenceritatis’.

104 2645 121 2690 1]
132 2647 182 2682 Vide
201 2653 221 2682 et
239 2648 278 2683 Cic.
298 2647 380 2692 Philipp.
399 2649 442 2683 113
460 2658 485 2682 an
504 2658 532 2682 nu
550 2646 629 2689 censetis,
645 2648 711 2692 patres
730 2647 862 2692 conscripti...

80 2698 194 2737 decreturum
207 2703 275 2749 fluisse,
295 2706 316 2738 ut
329 2703 438 2748 parerctalia
456 2714 497 2738 crem
516 2702 678 2749 implanationibus
697 2703 830 2738 ulciscerentur?
842 2706 864 2737 ut
916 2730 920 2743 .

80 2754 198 2802 inexpiabiles
216 2759 313 2806 religiones
331 2759 351 2793 in
369 2759 500 2805 rempublicam
518 2759 662 2794 indicarentur?
674 2759 700 2794 XI
713 2763 736 2796 29
749 2758 811 2793 omnin
824 2758 862 2793 deo-

81 2821 123 2850 rum
136 2813 265 2860 boricinnmque
277 2814 321 2849 iura
329 2841 332 2849 .
341 2842 356 2850 ..
370 2814 480 2860 iecerpiabili
490 2815 554 2850 scelere
562 2815 657 2860 polluerit,
668 2820 738 2851 cetera.
