2051 3214
537 99 567 141 54

188 225 274 268 Versus
297 232 372 268 antem
396 223 516 268 759-776
543 227 631 280 poetice
655 231 765 269 exornant
789 239 847 281 quae
870 226 943 270 soluta

158 294 259 337 oratione
275 295 335 348 apud
351 293 461 336 Catonem
477 295 504 336 dc
520 308 569 350 agr.
588 297 630 338 139
646 295 679 337 his
696 295 768 336 verbis
788 295 942 338 enuntiantur:

121 416 126 427 θ
155 369 239 418 precor,
256 362 292 405 uti
305 363 350 405 sc'cs
365 363 441 405 aulem
453 362 569 417 propitius
583 363 640 406 uiua·
652 364 714 406 doruc
723 361 944 419 familiaequcnccde

159 431 278 487 liberisque
293 431 355 476 ucis.

138 538 140 541 .
188 499 291 542 Parilium
307 499 415 542 solemnia
431 499 500 541 fnisse
516 502 667 544 vetustissima
680 502 737 543 inter
750 499 792 542 alia
801 513 828 542 eo
836 501 944 554 probatur

159 568 220 622 quod
243 567 351 610 sacrificia
374 567 419 609 Pali
443 567 503 610 facta
527 576 618 611 cruenta
639 583 684 612 non
701 575 769 611 erant.
787 568 894 610 Paulatim
910 569 943 610 in-

159 636 256 678 cruentis
278 643 370 678 cruenta
386 637 454 678 etiam
469 637 543 680 hostia
559 639 636 680 addita
651 644 692 688 est,
709 638 770 692 quod
785 638 867 691 probat
883 635 943 691 Calp.

159 704 206 747 Ecl.
222 704 284 746 1163
300 704 379 746 Raehr.
395 704 418 746 P,
435 704 461 746 L.
478 705 509 747 M.
527 704 554 746 lll
570 719 591 759 p.
608 705 637 748 75

218 812 283 861 saepe
298 806 362 848 cadit
370 805 444 859 fcstc's
460 806 539 848 deuota
555 806 672 849 Parilibus
688 795 754 861 agna¹

159 922 206 959 tum
222 917 354 970 praesertim
370 915 391 957 V
407 914 435 958 27
452 915 529 958 Baehr.
546 918 584 959 Η.
601 931 622 970 p.
638 918 668 959 90

220 1044 224 1051 .
242 1043 246 1051 .
265 1043 268 1051 .
286 1041 291 1051 .
308 1041 313 1051 .
330 1041 335 1051 ..
354 1043 357 1050 .
376 1043 379 1050 .
399 1043 402 1051 .
421 1011 425 1051 ζ
444 1009 530 1064 tepidos
546 1016 598 1052 tunc
614 1010 688 1052 hostia
703 1011 787 1052 cultros

221 1078 320 1121 cubant:
335 1078 377 1120 dac
392 1078 461 1120 aiau
477 1079 531 1120 auu
547 1077 611 1129 vivit,
628 1078 698 1120 ovilia
714 1079 788 1120 lustra
799 1075 823 1134 ¹).

188 1188 259 1231 Vides
282 1195 358 1231 antem
374 1201 444 1243 agnae
460 1188 591 1230 sacrificium
608 1188 763 1231 lustrationem
779 1189 853 1242 potius
874 1187 943 1230 fnisse

144 1269 228 1311 .quam
243 1256 301 1299 Palis
317 1255 435 1310 piaculum.

189 1324 275 1367 Verum
291 1325 335 1367 iam
352 1323 459 1367 absolutis
476 1337 533 1379 quae
550 1325 578 1367 de
594 1325 659 1366 variis
674 1325 793 1379 generibus
805 1325 942 1378 piaculorum

160 1394 275 1435 commissi
298 1393 393 1435 dicenda
417 1399 486 1443 erant,
511 1394 539 1434 ad
562 1392 659 1434 hostiurn
674 1392 831 1435 succidaneam
848 1399 870 1435 et
885 1406 943 1447 quae

160 1474 210 1503 cum
227 1475 253 1503 ea
269 1462 374 1504 cohaeret
389 1461 579 1503 instaurationem
594 1461 745 1503 transibimus.

279 1595 295 1627 2.
320 1601 347 1629 DE
362 1601 441 1630 HOSTIA
457 1600 588 1629 SUCCIDANEA
603 1601 630 1628 ET
645 1600 824 1629 INSTAURATIONE.

189 1705 284 1748 Veteres
292 1707 350 1749 inter
357 1706 517 1761 grammaticos
526 1705 552 1747 lis
561 1713 608 1748 erat
617 1712 706 1748 essetne
711 1705 847 1748 succidanea
853 1720 866 1747 a
874 1707 942 1748 verbo

159 1774 292 1817 succidendi
310 1786 339 1816 an
360 1788 373 1816 a
390 1775 458 1816 verbo
474 1774 609 1817 succedendi
624 1774 752 1817 derivanda.
766 1773 847 1816 Paulus
861 1774 883 1816 ll
899 1776 942 1817 303

160 1841 231 1885 L393
244 1842 306 1884 Festi
321 1843 388 1884 uerba
404 1855 449 1884 non
465 1848 552 1884 tantum
568 1842 687 1896 excerpsit,
704 1843 744 1884 sed
757 1842 824 1884 etiam
833 1843 941 1897 quodam·
998 1882 1000 1885 .

160 1911 229 1952 modo
242 1910 358 1964 mutilavit,
366 1911 421 1952 haec
434 1911 576 1952 exscribens:
589 1909 725 1952 succidanea
738 1910 811 1952 casua
820 1910 941 1961 dicebatur,

160 1991 217 2035 quae
236 1979 332 2021 secunda
347 1979 391 2021 loca
406 1978 545 2029 caedebatur,
562 1978 647 2021 scdz'cct
661 1978 694 2020 sic
710 1979 825 2033 appellata
841 1993 856 2021 a
871 1992 943 2022 succe·

160 2046 238 2088 dendo.
259 2046 348 2088 Etenim
372 2060 401 2088 ex
424 2048 508 2088 truncis
529 2046 590 2088 Festi
606 2046 701 2101 reliquiis
717 2054 809 2100 apparet
825 2050 942 2102 utramque

160 2115 221 2156 vocis
244 2115 353 2169 originem
377 2116 405 2156 ab
429 2128 456 2156 eo
473 2128 523 2156 esse
539 2115 671 2166 indicatam3
688 2127 741 2156 nam
757 2127 802 2157 non
818 2115 943 2158 multuma·
1008 2144 1009 2147 =

160 2196 212 2225 vero
226 2183 312 2225 uidetur
329 2184 432 2225 aberrare
447 2181 473 2225 C.
482 2183 510 2226 O.
518 2182 616 2234 Mueller,
631 2184 699 2225 verba
714 2183 775 2224 Festi
790 2183 822 2225 sic
838 2183 941 2237 explens:

159 2248 305 2308 [succidanea
320 2250 395 2293 nostia
411 2248 556 2308 appellatur,
573 2265 630 2307 quac
644 2249 750 2308 [secunda
765 2252 809 2293 laco
823 2249 941 2308 caediturj,

159 2319 219 2374 quod
239 2318 308 2374 quasi
329 2316 380 2375 [snb
400 2319 477 2374 priore
497 2317 628 2376 medactum]
651 2318 744 2375 quidam
761 2333 776 2360 a
791 2316 941 2375 suc[ccdcndc,

160 2401 204 2429 nan
220 2401 234 2429 a
249 2384 392 2444 succildcndc
407 2387 491 2429 dictam
505 2385 613 2444 [putand
626 2388 792 2429 Derivationem
801 2394 875 2429 antem
885 2401 941 2439 eam,
973 2393 974 2396 ’

160 2469 204 2509 qua
226 2455 357 2498 succedendi
376 2470 421 2498 vox
443 2455 577 2497 succedendi
591 2457 640 2498 voci
655 2454 785 2510 praefertur,
802 2469 876 2498 veram
892 2463 942 2498 esse

160 2599 229 2624 causas
248 2593 267 2624 et
280 2588 354 2634 absque
366 2590 412 2625 dolo
426 2590 483 2625 malo.
496 2589 526 2624 De
539 2590 598 2624 sacris
612 2600 622 2625 a
635 2590 731 2635 prudente
745 2589 818 2633 absque
831 2589 877 2624 dolo
891 2589 941 2624 malo

161 2645 270 2680 commissis
283 2645 327 2680 vide
340 2644 390 2680 infra
402 2645 422 2680 in
435 2646 504 2690 capitis
517 2645 574 2680 huius
586 2649 641 2690 parte
653 2645 718 2681 altera.

185 2700 202 2745 1)
222 2701 322 2744 Wissowa
336 2700 358 2735 R.
371 2700 411 2744 K.²‚
424 2712 442 2746 p.
456 2705 490 2736 200
504 2713 522 2736 n.
535 2704 555 2735 11
568 2701 631 2736 minus
642 2706 700 2744 recte,
707 2705 729 2737 ut
735 2701 810 2747 opinor¹
818 2700 942 2746 Calpurnium

160 2768 235 2793 errasse
247 2762 309 2803 putat.
