2051 3214
453 124 479 164 31

102 254 218 304 Piaculum
230 249 372 304 sormidam:
388 248 450 291 Serv.
467 248 495 289 ad
511 248 594 304 Vergil.
610 248 665 291 Aau.
683 248 731 290 VIII
748 251 798 292 110.

3 368 5 372 .
103 322 219 365 Piaculum
244 324 288 360 ast:
313 316 369 359 Gell.
393 315 466 358 NA.
491 317 511 358 X
530 318 620 369 15.10;
645 316 708 359 Serv.
730 318 758 358 ad
774 317 857 372 Vergil.

0 378 13 443 jit
74 392 127 435 222.
143 388 170 430 m
186 387 237 437 407,
253 386 285 427 iu
298 387 333 436 29,
343 384 437 437 msam
453 384 552 427 uacua
569 386 618 428 222,
635 385 738 436 116.19;
755 385 857 427 caelant.

1 457 3 510 J
74 460 101 502 ad
116 457 173 500 Stat.
192 454 254 496 Tua.
272 453 321 494 VIII
336 453 391 504 2973
408 452 493 495 Arnob.
510 453 561 495 ada.
578 453 733 495 2222121121,

1 520 13 580 ’ἦ
102 525 219 567 Piaculum
236 521 350 564 22222222·
367 521 470 563 Lactant.
487 522 521 563 ad.
537 521 593 564 Stat.
612 521 676 564 Tua.
692 521 808 564 12111437.

2 588 11 636 {¹
103 593 156 636 Siue
167 590 270 646 piacula:
288 590 335 631 Liv.
352 589 374 630 V
390 589 426 632 52.
435 591 455 640 8,
472 590 565 631 XXXIX
580 591 614 633 18.
624 591 649 641 83
665 589 727 632 Serv.
737 591 765 632 ad
775 589 857 645 Vergil.

1 650 2 654 ’
76 661 152 715 222νὲ.
168 657 242 709 1270,
260 657 315 709 2723
334 656 356 699 2.
374 657 392 698 2.
408 657 434 699 t.
452 657 482 699 u<
497 658 556 700 3513
573 656 700 711 (=ssruns⁶
716 673 737 712 p.
754 659 812 712 261),

0 719 3 762 s
102 727 203 771 Piaculis
227 727 298 780 plaua
326 724 495 781 (Romanarum)
524 726 585 768 2222·
613 726 699 769 Arnob.
729 728 781 770 adu.
810 733 857 769 222.

74 797 164 839 121126.

103 879 121 907 c.
145 862 353 906 Piaculum:
371 863 469 914 nefas,
494 863 611 915 scelus,
635 871 811 917 peccatum.

3 972 4 975 ,
102 933 137 974 Ex
152 933 178 974 iis
195 945 252 986 quae
261 932 329 973 niodo
338 932 435 973 diximus
444 930 508 973 facile
517 931 645 986 intelligitur
654 933 691 986 qui
698 932 746 974 fieri
754 932 858 986 potuerit,

1 1023 2 1026 =
73 1008 97 1043 ut
109 1001 192 1042 sensim
209 1014 254 1041 vox
266 999 356 1053 piaculi
371 1000 435 1042 latius
451 1001 579 1051 manaverit,
598 1007 622 1042 ut
638 1000 671 1042 vel
687 999 760 1053 uafas,
778 1001 856 1051 222122,

70 1075 183 1124 peccatum
207 1068 386 1121 amplecteretur.
410 1067 477 1121 Quod
501 1069 580 1110 mirum
605 1069 703 1120 videtur;
725 1063 773 1111 toto
794 1068 857 1110 coelo

0 1143 20 1174 st
74 1137 131 1178 enirn
155 1137 248 1178 deorum
272 1127 368 1189 placatio
390 1143 412 1177 et
427 1135 511 1178 scelera
527 1137 584 1179 inter
600 1150 624 1178 se
641 1137 731 1179 distant.
748 1136 793 1179 Sed
810 1150 858 1178 sae·

1 1209 3 1211 ’
73 1206 120 1258 pius
144 1205 231 1255 accidit,
255 1211 280 1246 ut
297 1204 405 1246 vocabula
420 1218 478 1258 quae
494 1205 522 1246 ad
538 1205 687 1246 ius'divinum
703 1205 858 1247 Romanorum

2 1304 3 1308 ,
19 1268 21 1270 ’
59 1273 189 1326 pertinent,
212 1273 272 1314 varia
288 1272 402 1314 declarent
417 1279 484 1326 atque
500 1273 567 1314 etiam
583 1273 640 1315 inter
656 1287 680 1314 se
696 1273 788 1315 omnino
805 1286 857 1314 con-

2 1384 3 1387 ,
74 1341 145 1382 traria.
162 1340 291 1382 Meminisse
307 1340 408 1391 sufficiat,
425 1341 477 1395 quid
494 1341 523 1383 sit
538 1354 634 1392 2222222,
650 1342 703 1396 quid
718 1340 805 1395 relig-u.

102 1408 171 1450 Plaut.
198 1408 261 1450 Taua.
285 1409 328 1450 223
349 1408 492 1463 piaculumst
510 1408 615 1451 222222222
635 1423 675 1450 uas
695 1409 808 1451 lamiuum
824 1408 859 1451 222

0 1477 6 1500 ³
74 1477 131 1518 iuala
142 1482 268 1530 geramum.

102 1543 183 1598 Vergil.
200 1543 255 1586 Aen.
272 1544 362 1588 111569
385 1545 479 1587 distulit
501 1545 525 1587 iu
541 1559 615 1587 222222
631 1545 749 1587 commissa
761 1544 857 1599 piacula

0 1605 14 1657 ἶ
73 1618 169 1654 22222222.
572 1621 574 1627 '

0 1725 2 1727 ¹
101 1680 182 1722 Phaed.
198 1680 225 1721 IlI
241 1687 273 1735 ep.
290 1683 319 1723 34
331 1684 411 1736 palam
428 1683 520 1724 22222222
531 1683 616 1737 plebeia
628 1683 746 1738 piaculum
762 1689 801 1725 222.

3 1793 4 1796 ¹
23 1753 25 1756 ’
101 1747 160 1790 Fest.
186 1749 208 1790 M
227 1750 268 1791 145
292 1750 370 1792 1128
395 1751 486 1793 Euuius
509 1751 533 1792 22
560 1751 650 1806 Telepho
674 1748 748 1808 (286):
770 1751 856 1804 ‘palam

0 1837 1 1846 ι
73 1816 163 1857 muttire
175 1818 260 1871 plebeia
273 1819 390 1873 piaculum
407 1820 456 1863 ast'.
470 1820 530 1861 Paul.
544 1820 568 1861 M
583 1820 653 1862 144L
668 1821 710 1863 129
724 1834 774 1862 cum
788 1820 856 1861 Festo

11 1930 12 1933 Ἴ
73 1886 173 1938 congruit
185 1883 210 1941 ¹).
362 1916 363 1919 η

101 1951 155 1994 Plin.
179 1954 209 1997 N.
226 1955 256 1997 H.
277 1955 398 1998 XXVIIIS
420 1970 459 1997 222
475 1956 568 2011 auxilia
583 1956 689 2008 dicamus,
705 1970 748 1999 uau
761 1956 856 2011 piacula

0 2032 6 2035 ·’
73 2016 94 2074 (i.
104 2034 123 2062 e.
139 2020 249 2065 laesiones
265 2024 319 2066 iuris
335 2022 450 2080 manium).

102 2086 185 2142 Lucan.
210 2091 228 2132 II
245 2091 288 2134 176
311 2106 355 2134 222
366 2091 447 2146 fanda
459 2092 560 2147 piacula.
578 2093 648 2135 Recte
663 2094 691 2135 ad
707 2093 766 2135 hunc
781 2092 855 2134 locum

73 2154 191 2199 scholiasta
214 2158 259 2213 (ed.
285 2160 345 2202 Endt
369 2174 389 2214 p.
407 2158 444 2217 52)
465 2161 561 2215 piacula
584 2167 658 2202 autam
681 2163 765 2203 2222222
781 2160 854 2212 aum
929 2150 930 2154 Ἰ

72 2221 148 2266 11304
172 2226 262 2269 22222222
285 2228 388 2270 Ramaua
402 2228 503 2283 piacula
526 2229 577 2271 22222
595 2230 665 2283 plena
680 2228 769 2282 saram.
785 2229 855 2270 Rccte

73 2299 165 2335 annotat
181 2296 301 2338 scholiasta
318 2294 362 2352 (ed.
380 2296 440 2339 Endt
455 2311 476 2350 p.
494 2294 531 2352 58)
544 2297 638 2351 piacula
654 2298 743 2339 2222222.

101 2358 156 2403 Stat.
176 2362 238 2404 suec.
255 2364 286 2405 VI
302 2365 330 2406 86
345 2364 443 2406 crimina
458 2365 519 2406 caesi
533 2364 618 2418 anguis
631 2371 653 2406 at
664 2364 766 2417 iufausti
777 2371 857 2407 2222222

0 2480 1 2483 ¹
73 2432 124 2468 atra
137 2429 233 2482 piacula
246 2432 306 2475 balli.

0 2506 17 2526 ²
101 2494 171 2538 Tacit.
196 2498 255 2541 Aua.
280 2500 333 2542 130
358 2514 401 2542 uau
417 2500 484 2542 aliud
498 2502 607 2542 2222222222
623 2501 772 2542 levamentum
788 2514 854 2555 quam

72 2560 94 2601 Sl
103 2595 106 2602 .
117 2596 135 2607 ..
153 2567 223 2608 soluti
234 2567 326 2622 piacula
342 2568 391 2610 2222
406 2568 499 2623 quisque
513 2568 613 2610 22222222
629 2569 765 2611 2222222222.
790 2580 796 2584 ·

552 2642 557 2656 Ι

73 2665 169 2675 Ἤ

10 2732 12 2735 ’
96 2721 112 2764 1)
126 2722 185 2769 Quod
204 2728 228 2763 ad
246 2738 288 2763 rem
308 2728 376 2763 attinet
394 2721 419 2762 'ct
438 2728 504 2765 quen.
523 2728 540 2763 V
553 2731 587 2763 130
603 2727 689 2772 plurima
706 2731 806 2773 simtquae
818 2738 854 2762 222

5 2830 6 2834 ¹
62 2777 140 2836 Ι2222222
152 2780 233 2817 22222222
242 2785 320 2828 perlusa
332 2783 391 2818 2222222
403 2784 462 2819 laeua.
