2051 3214
548 180 589 221 142

178 303 277 346 secundo
301 302 350 345 loco
374 304 514 359 purgatorius
538 312 560 347 et
583 305 727 360 placatorius;
752 305 862 359 piaculum
880 313 960 349 natura

178 385 218 414 sua
234 373 288 414 ritus
303 371 438 425 placatorius
454 378 496 415 est.
512 372 626 416 Lustratio
642 374 772 416 naturaliter
788 374 873 416 directe
888 376 961 419 tendit

179 441 207 483 ad
228 453 287 492 rem;
304 440 414 493 piaculum
429 440 514 483 directe
530 442 559 483 ad
575 441 673 485 numina.
689 441 803 484 Lustratio
820 443 879 485 actio
895 443 960 486 simul

179 516 200 552 et
223 510 298 563 passio
319 514 364 562 est;
385 509 496 562 piaculum
513 510 572 552 actio
588 517 682 553 tantum.
699 510 850 552 Lustrationis
866 511 960 555 effectus

178 576 307 620 naturaliter
330 577 385 619 situs
410 583 444 618 est
467 578 490 619 in
514 577 535 618 vi
550 579 649 633 magica3
667 578 760 621 effectus
776 578 856 632 piaculi
871 593 884 620 a
900 580 959 622 bona

178 647 293 689 numinum
322 644 437 687 voluntate
467 646 587 700 dependet.
611 647 725 689 Lustratio
748 648 801 689 inde
823 648 851 688 ab
875 648 959 702 origine

178 714 308 758 sacrificium
332 727 377 756 non
398 715 511 766 continet;
529 714 639 768 piaculum
656 716 678 757 in
695 715 802 757 sacrificio
817 722 890 758 totum
907 729 958 757 con-

177 784 267 826 tinetur.
291 782 404 824 Piaculum
428 782 449 823 vi
466 795 505 824 sua
523 789 545 824 et
561 789 640 826 natura
657 784 685 825 ad
702 783 786 825 cultum
802 785 894 827 deorum
911 797 959 838 per-

177 852 243 902 tinet3
267 850 368 893 lustratio
391 851 413 892 in
437 850 567 905 religionem
589 852 680 893 demum
696 859 788 905 accepta
804 859 838 894 est
854 860 959 895 movente

178 918 270 973 piaculo.
295 918 440 960 Lustratione
463 919 559 972 denique
583 920 629 961 sive
652 934 688 962 res
708 921 755 962 sive
770 920 838 962 homo
853 920 959 962 liberatur

178 988 244 1029 noxis
274 986 422 1041 maculisque;
451 987 538 1040 piaculo
566 987 634 1030 homo
658 994 745 1030 tantum
768 988 874 1031 liberatur
897 995 959 1031 metu

179 1057 280 1099 offensae
296 1056 388 1097 divinae.
972 1100 975 1105 ¹

206 1124 238 1167 Ut
264 1125 345 1166 iterum
369 1124 397 1165 ad
421 1123 606 1180 significationem
630 1125 748 1166 verborum
772 1126 868 1175 redeam,
892 1124 957 1166 aliam

180 1192 247 1248 igitur
263 1192 307 1234 vim
322 1191 419 1233 nativam
432 1191 500 1245 pium
513 1192 586 1243 habet,
604 1205 655 1234 cum
669 1193 697 1234 de
710 1192 797 1246 piaculo
805 1193 883 1247 agitur,
893 1192 957 1234 aliam

180 1274 231 1304 cun]
255 1260 327 1315 agitur
350 1261 378 1302 de
400 1260 537 1302 lustratione.
562 1260 640 1315 Longe
661 1261 720 1302 enim
735 1262 793 1303 inter
808 1274 858 1303 sese
874 1261 958 1303 distant

174 1328 274 1385 purgari
289 1334 312 1370 et
328 1334 386 1369 metu
403 1327 503 1370 liberari.
520 1327 587 1382 Quod
600 1330 628 1371 ad
638 1329 756 1374 discrimen
766 1330 849 1371 sibene
858 1328 957 1370 animum

177 1397 306 1447 attenderis,
332 1410 371 1438 sua
391 1397 491 1439 claritate
507 1411 551 1438 non
568 1405 644 1439 carent
660 1411 692 1449 ea,
709 1411 766 1452 quae
782 1397 872 1440 Servius
887 1410 956 1440 anno·

171 1461 231 1508 'tavit
247 1465 275 1507 ad
291 1464 373 1520 Vergil.
389 1465 444 1524 Aeu.
461 1465 488 1507 lll
503 1465 546 1509 279
555 1465 785 1521 lusteuuiurqueiovi,
794 1466 875 1521 quibus
884 1466 956 1507 verbis

176 1532 287 1588 piaculum
312 1548 324 1575 a
348 1533 447 1589 Vergilio
471 1534 588 1589 significari
611 1537 640 1576 ob
664 1547 727 1576 sacra
742 1541 808 1576 antea
823 1534 846 1575 in
861 1533 956 1575 Thracia

176 1601 296 1645 commissa
312 1602 470 1656 grammaticus
487 1602 611 1644 existimat:
625 1603 761 1644 ‘lustrumue
774 1601 827 1644 qui'
836 1616 842 1642 s
851 1608 893 1643 uzei
901 1601 954 1644 ‘lus-

177 1669 278 1721 mumur’,
302 1668 327 1710 id
349 1676 383 1711 est
399 1676 534 1724 purgamur,
557 1677 583 1710 ut
597 1670 645 1712 Iovi
657 1683 723 1711 sucre
734 1668 896 1723 suciamus...
913 1676 956 1711 eut

176 1744 233 1780 ceute
245 1738 380 1780 ‘lustrumue
395 1737 456 1789 Iovi,
474 1737 501 1780 id
515 1744 549 1779 est
563 1738 689 1793 expiamur.
702 1739 819 1792 piaculum
832 1737 891 1779 euim
900 1751 955 1779 emm

176 1805 270 1848 missum
281 1803 369 1858 fueret,
386 1812 452 1848 tuum
468 1806 493 1847 iu
511 1805 606 1848 Tleeuciu
623 1807 735 1848 immolate
745 1838 750 1849 .
760 1838 779 1849 ..
795 1813 816 1847 et
823 1805 875 1848 licet
882 1806 955 1847 multu

171 1873 278 1927 fuisseut
291 1880 367 1916 secum
382 1873 505 1927 sacrificiu,
520 1873 691 1929 intellegebatuu
704 1880 777 1916 tuumu
791 1874 865 1916 udleue
873 1887 954 1916 uumeu

176 1942 267 1991 iratum,
291 1955 335 1983 ueu
358 1942 512 1984 desinentibus
535 1942 645 1984 mulis...
670 1956 719 1996 eigo
740 1942 845 1996 queuium
862 1955 905 1984 mm
922 1942 954 1983 ud

176 2010 260 2052 iustum
283 2010 422 2064 sucrificium
447 2010 518 2052 Iovem
542 2009 700 2060 invocaverint,
723 2010 770 2051 iden
787 2010 825 2052 illi
835 2010 954 2064 piaculum

175 2080 277 2121 seleuut:
293 2078 332 2120 hee
346 2078 405 2121 euim
421 2085 456 2120 est
467 2078 522 2120 ‘diis
537 2079 649 2129 lustrari,
667 2078 753 2132 uffeusu
766 2092 839 2119 eurum
854 2077 954 2121 liberum.

175 2147 241 2189 Haud
264 2147 375 2201 ingratum
391 2153 425 2189 est
441 2148 567 2197 observare,
584 2160 627 2201 qua
644 2147 730 2188 ratione
745 2145 835 2188 Servius
850 2147 954 2188 notiones

172 2214 258 2270 piuudi
279 2221 301 2257 et
324 2214 447 2265 lusteuudi,
470 2214 586 2257 distinctas
606 2215 663 2257 inter
679 2228 709 2265 se,
725 2214 849 2256 incolumes
865 2227 954 2256 servare

175 2285 271 2326 studeat.
287 2283 344 2324 Nam
360 2290 382 2325 et
397 2283 499 2343 Servium
515 2289 575 2324 recte
592 2283 725 2325 diiudicasse
740 2282 826 2336 piacula
839 2289 862 2324 ct
874 2281 953 2324 lustra-

175 2353 247 2394 tiones
271 2352 338 2393 verba
361 2350 427 2393 allata
451 2351 515 2404 plane
539 2351 666 2393 ostendunt.
689 2350 743 2392 ideo
766 2363 815 2392 cum
839 2350 953 2400 sacrificia,

175 2421 203 2462 de
218 2419 298 2474 quibus
306 2423 308 2426 ’
315 2420 359 2474 agit
374 2419 485 2474 Vergilius
500 2418 527 2460 Ill
540 2418 590 2470 279,
605 2432 619 2472 p
628 2419 634 2460 i
643 2433 656 2460 a
665 2417 712 2460 cul
721 2433 734 2460 a
750 2417 818 2460 fuisse
832 2419 952 2469 existimet,

174 2486 292 2530 lustruudi
307 2500 385 2529 vocem
401 2488 460 2529 haud
476 2487 554 2529 iniuria
569 2487 667 2529 miratur.
681 2486 726 2529 Sed
735 2486 813 2529 callide
821 2492 844 2528 et
852 2485 954 2528 sollerter

174 2555 240 2598 solvit
256 2555 416 2606 difficultatem,
433 2555 519 2610 fingens
535 2556 626 2597 deorum
643 2555 698 2596 iram
714 2568 759 2597 non
768 2554 830 2597 aliter
838 2554 953 2596 hominum

175 2623 287 2665 mentibus
303 2623 456 2665 inhaerentem
472 2630 540 2675 atque
556 2622 636 2664 malam
653 2635 736 2665 noxam
753 2622 786 2664 vel
803 2622 920 2664 maculam.

268 2750 284 2783 l.
302 2755 329 2783 DE
344 2754 524 2784 PROCURATIONUM
539 2754 565 2781 ET
581 2754 715 2783 PIACULORUM
730 2754 858 2783 DISCRIMINE.

203 2834 227 2876 In
243 2834 373 2888 explicanda
389 2834 461 2876 hostia
474 2834 620 2887 praecidanea
630 2833 703 2876 multis
712 2848 737 2876 ac
746 2834 810 2876 variis
819 2827 953 2876 testimoniis
