2051 3214
544 113 585 154 138

170 234 218 279 Cat.
235 238 262 279 de
278 237 347 292 agric.
366 239 405 280 141
423 252 504 292 agruuc
520 239 619 281 lustrari
634 239 666 281 sic
682 245 779 294 eportet:
796 240 882 295 iuepera
901 252 950 280 sua-

170 306 293 350 vetaurilia
308 306 433 361 circumagi
449 320 465 348 e.
475 322 494 362 q.
503 322 521 351 s.
538 308 695 351 Mactabantur
710 309 796 350 hostiae
812 309 885 351 Marti.

200 374 221 416 le.
245 375 507 426 Armilustrium,
537 375 565 418 cl.
589 375 674 419 Charis.
698 378 732 418 81.
750 377 779 419 20
800 376 861 428 Keil3
886 376 948 418 Fast.

171 443 250 485 Praeu.
267 444 302 486 die
320 445 347 486 19
363 443 440 495 Mart.;
456 443 516 487 Paul.
533 444 556 485 M
574 446 601 487 19
615 446 633 487 L
649 445 675 487 17
690 443 949 498 arueilustriauifestuuc

171 519 221 554 erat
242 513 305 567 apud
326 512 444 562 Raruauas,
467 526 508 567 qua
524 526 560 553 res
576 513 670 556 eliaiuas
686 513 772 555 arrreati
782 513 907 567 faciebant,
925 526 950 553 ac

171 582 224 622 duur
240 580 399 635 sacrificarent
414 580 474 623 tubis
489 582 599 623 cauebant
604 596 610 633 ‚·
627 584 690 625 Varr.
705 583 732 624 cle
745 584 759 625 l.
769 583 783 624 l.
798 582 865 623 V122
882 579 950 622 aruci-

171 648 278 691 lustriuuc
288 681 292 691 .
303 683 306 691 .
318 680 337 691 ..
355 649 414 704 quael
427 649 577 691 circuueilaul
592 652 694 693 lucleutes
710 649 822 692 ancilibus
830 648 916 691 arruati
926 644 949 702 1).

201 717 215 759 i.
237 717 408 760 Lustratio
425 717 551 759 funeris
568 732 608 761 seu
625 719 784 761 decursio.
802 717 892 760 Cassius
906 716 949 757 Dio

171 786 199 827 de
219 785 297 828 funere
317 785 413 840 Augusti
428 799 497 840 agens
513 786 564 828 LVI
579 788 615 828 42.
632 789 645 829 2
662 789 718 829 inter
735 787 777 828 alia
792 787 847 828 haec
863 790 937 826 narrat
945 774 956 825 i'

170 851 215 895 ἐπεὶ
232 852 253 895 il
269 853 288 900 ἐς
305 854 341 902 τὴν
357 851 419 906 repar
434 853 470 902 τὴν
486 853 505 894 ἐν
521 853 547 906 τῷ
565 853 631 907 ’Apule
647 853 708 907 πεδίῳ
724 852 812 902 ἐνετέθν,
829 854 897 906 πρῶτοι
912 851 949 903 μὲν

172 921 226 975 ἱερεῖς
251 920 326 970 aleria
349 920 454 975 περιῆλθον
478 920 540 969 αὐτὴν
564 938 582 966 u.
591 938 609 968 r.
619 933 646 976 1.,
671 924 698 966 cf.
720 924 842 978 Vergilium
859 935 949 977 quoque

172 989 228 1032 elau
245 991 275 1032 XI
292 992 335 1034 189

230 1085 345 1126 decurrere
359 1098 430 1139 regas,
447 1091 481 1126 ter
496 1090 605 1125 ueaestuuc
617 1085 711 1138 fuueris
727 1085 800 1140 iguem

231 1154 356 1195 lustravere
371 1152 396 1194 iu
412 1152 480 1207 equis,
498 1154 643 1208 ululatusque
658 1167 694 1195 are
709 1154 792 1195 dedere.

171 1234 222 1296 Non
244 1254 309 1296 'aliter
332 1253 408 1295 Livius
432 1253 496 1296 XXV
521 1253 554 1295 17.
575 1255 588 1296 5
612 1254 759 1296 Hannibalem
784 1254 850 1296 funus
871 1254 948 1295 decur-

171 1329 257 1364 rentem
279 1322 339 1366 lacit.
362 1322 451 1364 Veteris
475 1336 564 1377 quoque
586 1323 702 1365 Romanae
718 1322 887 1366 consuetudinis
903 1328 950 1363 erat

169 1397 288 1444 parentum
312 1390 391 1432 lunera
413 1390 514 1441 lustrare,
536 1390 563 1432 cf.
585 1389 683 1445 Plura.
700 1392 726 1433 R.
743 1391 795 1433 XIV
811 1387 844 1431 rai
860 1388 899 1442 yla
914 1386 949 1429 ἐπὶ

170 1461 207 1501 τῶν
223 1457 302 1513 sumar,
319 1456 343 1506 ὥς
359 1460 419 1512 φησιν
435 1457 516 1511 Bapeni,
534 1458 700 1513 περιστρέφονται.

199 1527 220 1569 k.
236 1527 407 1569 Lustratio
432 1528 548 1574 cerriti
572 1542 611 1570 seu
631 1529 758 1570 larvati.
780 1528 947 1570 insanientesa

169 1597 277 1638 Romanis
300 1595 377 1638 cerriti
399 1596 433 1637 vel
456 1595 543 1638 larvati
565 1598 744 1648 nominabantur,
765 1598 846 1650 quippe
862 1608 947 1650 quosa

169 1664 250 1707 Cerere
265 1664 299 1706 vel
315 1679 328 1706 a
343 1665 421 1706 Laruis
438 1671 531 1706 vexatos
548 1665 713 1716 existimabant,
730 1665 758 1707 cf.
775 1665 833 1708 Non.
846 1662 944 1706 Marcell.

169 1733 192 1775 M
207 1734 237 1774 44
252 1734 271 1775 L
286 1733 316 1775 64
334 1732 411 1775 cerriti
425 1740 448 1775 el
462 1732 554 1783 larvati,
572 1736 630 1776 ruale
645 1733 699 1776 sarci
714 1740 736 1774 ee
750 1741 792 1775 aut
808 1732 894 1776 Cereris
911 1731 947 1772 ira

168 1807 211 1842 aut
224 1802 342 1844 larvaruuu
357 1800 511 1843 iucursatiaue
526 1800 600 1842 auirua
613 1801 697 1844 aerati.
712 1801 785 1855 Quam
794 1800 945 1843 definitionem

168 1868 254 1911 Nemus
274 1869 339 1910 variis
355 1867 426 1910 Plauti
442 1869 575 1911 testimoniis
591 1869 686 1911 illustrat
695 1866 720 1925 ²).
737 1868 873 1911 Circuitione
889 1868 947 1908 insa-

168 1938 255 1980 nientes
278 1951 328 1979 esse
351 1936 456 1979 lustratos
480 1936 538 1978 clare
554 1938 709 1980 demonstrant
724 1938 779 1979 haec
794 1937 864 1979 Plauti
880 1935 947 1977 verba

168 2005 248 2060 napa.
265 2005 320 2048 776:

192 2164 209 2210 1)
221 2166 252 2202 De
264 2170 291 2201 tu
298 2166 310 2201 b
317 2166 323 2200 i
330 2166 335 2201 l
342 2177 370 2201 us
377 2166 411 2200 tri
418 2176 428 2199 o
442 2175 482 2200 non
496 2168 577 2207 constat,
591 2163 655 2200 utrum
669 2174 721 2200 mera
734 2164 824 2210 purgatio
831 2163 889 2199 fuerit
896 2174 920 2198 an
927 2166 946 2197 et

168 2222 262 2257 circuitio.
281 2222 346 2257 Ritum
365 2222 417 2256 enim
435 2221 492 2256 huius
511 2220 628 2256 lustrationis
647 2220 705 2266 plane
723 2221 841 2267 ignoramus,
860 2219 884 2255 cf.
899 2219 946 2254 Wis-

167 2289 226 2320 sowa,
239 2278 262 2313 R.
275 2278 314 2320 Ka,
333 2279 366 2312 557
380 2289 398 2312 n.
411 2280 427 2312 3.
448 2277 496 2313 Otto
515 2275 579 2311 Rleiu.
593 2276 649 2319 llius,
662 2276 688 2311 N.
700 2276 730 2319 F..
743 2276 803 2311 LXXI
816 2275 878 2322 (1916)
891 2285 908 2320 p.
923 2277 944 2308 37

168 2345 237 2380 agnam
251 2333 386 2370 circumactam
395 2333 455 2369 fuisse
462 2333 549 2377 suspicit.
556 2352 578 2356 -
585 2332 674 2368 Incertus
681 2333 739 2368 etIam
745 2333 794 2368 ritus
801 2337 830 2368 est
842 2332 854 2367 d
862 2332 868 2366 i
875 2342 886 2366 e
892 2342 901 2366 r
908 2342 921 2366 u
927 2341 946 2365 m

167 2390 193 2425 lu
200 2402 209 2425 s
216 2394 223 2425 1
229 2400 238 2423 r
245 2391 251 2425 i
258 2401 269 2424 c
275 2401 286 2425 o
293 2401 302 2425 r
309 2401 321 2425 u
328 2401 352 2432 m,
371 2389 442 2434 quibus
461 2388 545 2424 infantes
562 2389 695 2424 lustrabantur
706 2393 725 2424 et
738 2399 810 2424 nomen
823 2387 946 2433 accipiebant

167 2446 259 2490 (Macrob.
272 2447 309 2481 bal.
322 2446 330 2481 Ι
344 2448 371 2483 16.
379 2448 413 2489 363
426 2445 478 2481 Paul.
492 2445 552 2480 Mino
565 2445 634 2486 L107;
648 2444 721 2481 Arnob.
735 2444 778 2479 aaa.
786 2448 823 2479 real.
837 2443 944 2485 1114;P1ut.

167 2502 188 2547 Q.
195 2502 218 2538 R.
232 2505 266 2538 104
273 2513 277 2544 ;
291 2502 369 2538 Tertull.
381 2501 402 2536 cle
416 2501 458 2537 iclal.
472 2500 506 2544 16).
514 2501 605 2536 Fortasse
612 2506 633 2537 ut
639 2501 692 2547 apud
699 2501 786 2537 Graecos
793 2498 894 2542 ρ’μφιδρόμιν.
901 2510 944 2545 pars

166 2560 217 2595 sacri
229 2564 276 2595 erat.
291 2558 318 2595 Cf.
332 2558 386 2601 Otto,
399 2558 411 2592 l.
424 2558 442 2601 1.,
456 2569 474 2604 p.
488 2560 516 2592 37.
927 2589 928 2592 ,

190 2614 207 2659 2)
220 2614 269 2651 Vide
287 2615 366 2659 insuper
384 2614 444 2652 Plaut.
460 2614 511 2649 Meu.
530 2617 564 2649 890
583 2618 603 2649 et
615 2613 664 2651 Rucl
678 2616 734 2655 1006;
748 2614 787 2651 Cic.
800 2614 827 2649 aa
837 2613 891 2649 attic.
903 2614 945 2649 VIII

167 2673 183 2707 5.
197 2674 219 2714 13
233 2670 299 2707 Horat.
313 2670 350 2704 Sal.
364 2671 409 2705 113.
422 2674 467 2715 2783
481 2670 533 2706 Suet.
548 2669 596 2716 Arcg.
610 2674 638 2705 87.
653 2673 672 2714 23
686 2670 737 2706 Paul.
750 2671 769 2706 M
782 2673 804 2706 54
817 2671 833 2706 L
846 2673 876 2712 47;
889 2671 944 2706 Mart.

167 2727 239 2772 Capell.
252 2727 270 2763 V
282 2730 322 2764 509.
333 2726 442 2761 Cerrinus:
450 2725 586 2769 ὃνμντρόλνπτνς,
601 2726 625 2763 cf.
639 2727 712 2770 Walde¹
721 2727 761 2762 Lac.
769 2727 830 2774 Elyra.
843 2726 945 2771 Warurle,

167 2794 184 2828 p.
198 2785 238 2818 155.
