2051 3214
433 108 457 147 11

53 251 130 300 postea
154 238 283 283 videbimus.
308 234 368 275 Prius
393 233 414 274 in
436 245 504 274 unum
521 232 624 287 colligere
641 231 753 285 expediet.
771 230 837 274 Serv.

55 315 83 357 ad
105 308 186 365 Vergil.
210 306 257 348 aa.
281 302 330 344 VIII
346 302 373 343 82
398 300 454 356 quid
469 300 527 342 onim
544 307 578 342 ost
589 300 654 356 pium
672 299 842 348 nisioustnm?

55 379 158 438 quoniam
171 371 239 432 piari
250 378 284 415 ast
299 376 379 426 prop
388 369 496 420 itione,
519 369 578 424 quood
590 368 690 411 accidere
704 381 747 410 non
758 373 838 422 potest,

56 448 102 493 uisi
131 451 191 488 rasta
218 439 351 484 inservitum
375 437 419 479 erit
440 438 506 478 rolris
529 436 607 490 sacris,
633 437 661 479 ad
685 436 741 478 Aera.
766 435 774 477 I
795 434 839 477 378

56 529 111 560 sam
129 513 189 568 pins
204 515 279 565 potest
300 520 347 549 osso
368 513 390 547 at
400 512 475 560 purus
491 512 513 547 ot
528 505 633 547 innocens
649 511 671 546 et
685 503 746 546 omm'
759 516 839 545 aaronis

1 570 2 619 Ῐ
55 585 145 631 saelum
172 579 239 634 piare
266 576 324 619 onim
353 573 443 629 urotiqm
468 580 614 628 purgare
644 572 762 614 dicebant:
787 571 840 613 inde

55 651 121 694 otium
141 646 253 703 piamina,
277 644 357 700 poribus
380 648 510 697 expurgant
532 641 638 692 nominos,
655 646 677 682 ot
690 640 730 696 qni
742 639 840 695 purgati
860 662 865 670 ·<

56 732 98 761 uon
118 722 173 759 sitm
193 713 263 769 impii,
281 714 310 755 ad
325 712 379 754 door.
395 712 413 753 II
431 713 472 754 140
484 711 595 766 piabunt:
611 708 748 763 expiabunt:
764 713 786 749 ot
800 707 839 748 τῶν

56 784 119 838 μέσων
144 790 181 833 ast,
208 795 260 824 raum
280 782 411 836 plermnquo
434 780 443 821 i
450 794 471 821 m
476 779 512 834 pi
519 792 572 820 aro
596 775 721 831 siginificat,
739 776 767 818 ad
782 774 838 817 Aen.

55 852 140 895 111264
162 849 305 905 expiatorias,
329 849 399 891 trude:
414 848 457 891 Dii
476 846 649 903 prohibeto
672 844 713 885 mi
720 858 784 894 nas,
809 844 838 886 ad

55 922 108 963 doro.
124 919 155 960 VI
171 918 214 962 379
230 932 281 960 ossa
293 917 404 972 piabunt:
423 923 440 971 p
449 917 459 958 l
465 929 479 957 o
487 928 497 956 o
505 929 520 957 a
528 915 540 956 b
549 929 564 955 u
572 928 587 956 n
597 920 611 965 t,
634 912 765 968 expiabunt.
779 911 837 954 Non.

57 987 153 1031 Marcell.
175 986 198 1028 M
222 986 271 1044 151,
296 986 315 1027 L
338 985 392 1026 221:
414 984 480 1039 piem,
509 984 621 1033 colam,
646 981 838 1024 custodiam.

2 1045 4 1048 ¹
55 1057 152 1099 Plautus
166 1054 278 1096 Asinaria
295 1050 368 1109 (506):

113 1156 161 1197 ‘nbi
172 1156 232 1211 piem
245 1155 358 1210 pietatum,
376 1153 399 1196 si
413 1154 466 1196 istoc
482 1167 540 1196 more
555 1159 665 1196 moratam
681 1152 723 1194 tibi

112 1225 223 1279 postulem
235 1225 330 1278 placere,
347 1229 424 1274 mater,
442 1222 499 1264 utili
513 1235 554 1277 quo
567 1228 633 1276 pacto
645 1220 760 1276 praecipis
768 1221 783 1261 i'

56 1334 79 1376 M
95 1334 174 1376 3701L
190 1331 234 1376 588
246 1333 314 1388 piare
329 1332 414 1374 dicitur
437 1331 581 1386 impiare,
603 1329 837 1372 contaminare.

63 1401 174 1456 Vergilius
188 1401 226 1443 lib.
249 1400 282 1443 VJ
294 1397 370 1456 (569).-

117 1501 217 1544 ‘distulit
232 1501 255 1543 in
271 1515 345 1543 serum
361 1501 478 1543 commissa
490 1500 585 1555 piacula
601 1500 702 1542 mortem?

57 1611 128 1661 Pium,
145 1611 243 1666 rapiare,
264 1610 468 1665 purefaaora.
497 1609 610 1664 Vergilius
626 1609 664 1652 lid.
687 1610 719 1651 VI
731 1607 807 1666 (153).-

42 1759 43 1762 ,
113 1711 164 1752 ‘duo
180 1712 261 1766 nigras
273 1712 375 1766 pecudes,
393 1725 418 1753 ra
430 1711 507 1765 prima
520 1710 615 1765 piacula
631 1712 709 1753 sunto.³

57 1811 128 1865 liam,
152 1793 292 1863 caudeae,
317 1825 515 1854 consecrare.
545 1811 709 1866 Vergilinslr'b.
724 1809 838 1868 VI(379)·'

116 1904 234 1960 ‘prodigiis
249 1905 296 1947 uoti
310 1905 442 1948 caelestibus
458 1919 507 1947 ossa
521 1904 631 1959 piatam?

57 2006 115 2048 Fest.
140 2007 163 2048 M
178 2008 221 2050 213
238 2008 256 2049 L
273 2009 315 2050 232
336 2007 402 2062 piari
416 2021 451 2049 eos
466 2009 529 2050 uelut
540 2007 631 2061 proprio
646 2007 717 2060 uerbo,
734 2007 769 2049 ait
790 2007 838 2049 Ver·
866 2055 867 2059 Ἰ

57 2073 112 2124 rins,
137 2075 177 2129 qui
195 2089 279 2130 parum
295 2076 344 2118 siut
358 2075 468 2118 animati:
484 2089 533 2117 turn
550 2074 631 2117 maritis
646 2088 702 2117 suno
717 2082 838 2128 rronsnut,

54 2148 96 2196 per
109 2144 219 2198 quaedam
235 2144 301 2186 oorba
317 2145 444 2187 liberantur
459 2143 599 2186 incommodo.
740 2149 742 2151 ’
833 2153 835 2155 ’

86 2209 147 2252 Haec
163 2213 359 2266 grammaticorum
375 2212 503 2255 testimonIa
519 2224 569 2254 curn
585 2217 671 2255 attente
687 2219 709 2254 et
722 2212 838 2268 diligenter

58 2279 230 2332 consideramus,
253 2280 306 2323 illud
329 2287 416 2330 tantum
440 2280 494 2322 certi
517 2293 546 2321 ex
570 2293 647 2322 eorum
671 2280 735 2322 dictis
759 2280 839 2322 confici

57 2353 137 2399 potest,
161 2348 269 2404 orIgInem
292 2349 353 2392 verbi
371 2348 457 2403 piandi
475 2348 582 2391 Romanis
599 2348 690 2390 minime
706 2348 775 2391 fuisse
789 2362 838 2402 per-

57 2421 164 2466 spectam.
190 2415 287 2468 Servius,
310 2417 333 2458 ni
355 2416 426 2467 fallor,
450 2417 472 2458 in
497 2416 619 2458 contrarias
640 2416 734 2458 trahitur
756 2422 837 2470 partes,

58 2494 107 2523 curn
130 2483 224 2527 haesitet
247 2491 321 2538 utrum
345 2484 528 2540 significationem
547 2484 659 2538 placandi
679 2497 707 2526 an
719 2485 840 2539 purgandi

58 2550 179 2593 naturalem
204 2552 301 2595 declaret
324 2560 346 2595 et
362 2547 513 2606 principaier'n.
529 2552 596 2606 Quod
612 2552 631 2594 si
646 2553 675 2595 ad
691 2552 772 2594 neoni
787 2554 838 2604 382,

58 2617 122 2661 allata
137 2633 191 2662 voce
204 2620 323 2674 pientinus,
338 2620 446 2663 vocabulo
456 2620 541 2674 piandi
552 2620 681 2663 naturaliter
691 2621 839 2675 purgationis

58 2685 101 2727 vim
124 2688 197 2729 inesse
221 2690 339 2731 ostendere
363 2696 461 2740 conatur,
486 2689 583 2731 rationes
603 2702 658 2742 quas
680 2689 744 2731 affert
760 2702 837 2742 parum

58 2753 130 2796 valere
153 2757 262 2809 existimo,
287 2771 337 2800 curn
361 2771 439 2800 vocem
462 2771 551 2812 quoque
563 2757 676 2811 piamonis
692 2758 773 2799 dubiae
789 2770 838 2799 esse
