2051 3214
567 133 609 174 102

191 264 238 301 tata
261 260 354 302 omnino
370 260 507 314 ignoramus
525 258 606 301 Verbis
623 265 699 302 autern
715 257 857 300 solitaurilia
873 263 927 300 ulra
943 270 977 299 ao-

191 327 263 369 luarit
276 327 405 371 solitaurilia
421 327 541 382 significari
556 328 604 371 siue
620 327 727 370 lactentia
743 326 791 369 sive
806 326 900 376 maiora,
917 331 978 367 recte

192 395 321 439 observavit
337 395 436 451 Scaliger
453 393 490 452 (cf.
506 394 596 449 Brunsss,
613 411 634 451 p.
651 399 671 448 9,
688 410 709 438 n.
728 393 756 452 1).
773 395 841 449 Quod
857 395 886 436 ad
902 392 979 436 ultima

191 461 246 518 legis
268 466 336 506 verba
351 470 438 518 spectat
454 463 519 506 cuius
535 465 725 519 auspiciorum,
742 462 779 505 dis
791 462 910 518 piaculum
926 461 979 503 clato

192 532 265 573 verbis
286 532 328 575 illis
344 533 425 575 iterum
441 532 573 585 inculcatur,
589 546 635 576 non
651 533 715 575 militi
730 531 769 574 sed
785 531 827 585 ipsi
842 531 900 581 duci,
917 530 978 572 cuius

192 600 296 653 auspiciis
319 614 355 643 res
379 607 442 656 gesta
467 601 502 651 sit,
527 601 639 654 piaculum
662 601 708 643 Iovi
731 599 797 642 Marti
820 598 913 653 Quirino
929 612 979 640 esse

191 666 331 711 faciendum.¹
343 669 485 711 Vertendum
501 669 568 724 igitur
582 677 627 712 est:
646 669 680 725 „H
688 676 718 711 et
733 667 844 722 piaculum
853 673 915 709 moet
924 668 979 709 door

193 737 237 778 den
252 736 356 780 veldheer
372 736 416 779 aelf
430 737 539 792 gebracht
555 739 670 780 worden.’'

222 863 280 908 Cum
296 866 375 907 hiera
391 866 506 916 botane,
525 879 582 920 quae
596 866 703 908 Romanis
712 877 807 921 magnae
815 871 863 906 erat
871 863 978 919 religioni,

193 932 361 989 colligenda
377 940 431 984 erat,
448 940 507 976 teste
523 933 593 976 Plinio
606 934 636 976 Ν.
645 934 674 977 H.
683 929 883 984 >ravim—107,
891 931 978 986 piaculo

192 1001 260 1044 fiebat
275 1002 349 1056 operis
366 1002 474 1044 faciendi:
491 1003 557 1044 uulla
574 1008 648 1044 taum
664 1002 780 1044 Romauaa
792 999 919 1043 mobilitatis
924 1002 979 1055 plus

192 1069 260 1111 habat
272 1084 340 1126 quam
356 1069 420 1112 laima
436 1070 528 1112 totoue.
538 1103 556 1112 ..
574 1070 627 1112 lom
643 1077 677 1112 est
690 1084 757 1126 quam
773 1071 858 1124 legatos
868 1067 933 1122 ferm
948 1069 980 1111 ad

193 1137 266 1180 hostes
290 1138 457 1189 iudicavimus;
478 1137 519 1180 aaa
541 1138 601 1181 Iovis
616 1152 695 1181 mama
710 1137 815 1189 verritur,
832 1138 911 1179 domus
923 1143 979 1191 pur-

190 1212 281 1260 gautuu
304 1209 519 1261 lustramurque...
543 1206 622 1261 colligi
644 1207 720 1249 dabam
743 1207 802 1249 rima
825 1205 890 1248 cauis
906 1212 978 1247 ortum

193 1273 234 1325 ita,
260 1288 288 1317 rue
309 1277 367 1318 luua
391 1281 434 1317 aut
447 1277 483 1318 sol
496 1274 625 1330 compluat,
638 1275 707 1329 favis
723 1282 776 1318 autu
791 1275 890 1317 eimau
906 1280 979 1316 terrac

194 1343 227 1385 aa
234 1343 377 1397 piamcutum
394 1342 456 1386 alatis
467 1341 489 1395 1).

223 1470 340 1524 Quaedam
352 1472 426 1526 operis
436 1471 533 1514 faciendi
540 1472 627 1526 piacula
636 1485 687 1514 cum
703 1486 725 1514 m
735 1479 762 1515 at
770 1485 780 1513 r
788 1472 796 1513 i
804 1484 826 1514 m
836 1486 849 1514 ο
858 1484 872 1513 n
881 1471 910 1513 io
926 1476 978 1513 sunt

193 1552 303 1581 connexa.
320 1539 406 1582 Gellius
421 1539 449 1581 N.
465 1539 492 1582 A.
509 1540 540 1581 IV
556 1543 576 1582 3.
590 1541 728 1594 Santiquam
736 1539 816 1595 legem,
825 1552 882 1593 quae
890 1539 978 1582 Numae

193 1608 303 1659 tribuitur,
325 1608 389 1650 'hisce
413 1610 487 1651 verbis
507 1610 585 1651 tradit:
607 1611 691 1664 paelex
713 1609 816 1651 aedem
840 1607 935 1650 quouis
951 1620 979 1648 uo

193 1676 290 1730 mugitu
306 1676 329 1718 si
349 1683 380 1719 ta
389 1691 404 1718 u
409 1676 444 1732 gi
449 1683 459 1718 l
476 1676 560 1719 [uuam
575 1677 676 1719 omuibus
691 1676 798 1719 daruissis
813 1689 898 1731 aguam
907 1674 977 1729 fami-

192 1756 246 1785 uam
270 1744 362 1787 caedito.
385 1744 467 1787 Paulus
483 1745 507 1787 M
522 1746 565 1787 222
582 1745 601 1787 L
618 1746 661 1788 248
678 1746 773 1787 eandem
789 1745 862 1800 legem
879 1743 978 1786 referens

192 1812 264 1854 verbis
288 1813 379 1866 paulum
404 1826 455 1856 curn
480 1813 552 1856 Gellio
575 1814 699 1868 discrepat:
720 1813 811 1869 autiqui
822 1812 914 1867 proprio
929 1826 977 1854 eam

183 1880 280 1935 'pelicum
297 1880 450 1931 uomiuabaut,
468 1894 526 1935 quaa
541 1895 632 1923 auorum
645 1881 738 1924 aabcuti
745 1881 848 1923 ualebat.
857 1879 980 1936 ciiigeucri

192 1948 312 1990 mulierum
334 1948 402 1991 etiam
416 1954 490 2003 potua
506 1949 628 1991 coustituta
644 1955 680 1991 ast
694 1964 708 1991 a
723 1949 798 1991 Numa
813 1948 920 2003 Pompilio
936 1948 978 1990 liac

192 2018 252 2071 lega:
273 2018 346 2071 'palea
367 2030 455 2058 auam
475 2015 569 2059 quouis
585 2032 612 2059 uu
628 2018 728 2072 laugito;
745 2017 768 2059 si
790 2023 918 2072 magei,
940 2016 977 2066 lu-

192 2084 247 2126 uoui
260 2084 362 2127 crinibus
379 2084 486 2127 deiiiissis
502 2100 587 2140 aguam
598 2086 713 2140 famiuam
727 2086 824 2128 caedito'.
839 2085 950 2128 Wissowa
959 2080 977 2139 2)

191 2154 259 2195 verba
276 2154 360 2197 mendo
376 2154 479 2197 laborare
495 2155 599 2208 opinatus
616 2156 772 2197 commendat:
789 2156 872 2209 parler
890 2168 977 2196 aram

192 2235 219 2263 uo
235 2222 335 2276 taugito;
351 2223 374 2264 si
390 2222 485 2276 tagit.
504 2222 567 2276 Quae
583 2224 602 2265 si
617 2223 745 2266 emendatio
761 2237 814 2265 vera
829 2229 895 2275 esset,
911 2222 978 2264 sacri·

192 2289 267 2341 ficium
297 2290 377 2344 paelici
400 2297 546 2344 praeceptum
570 2291 682 2344 piaculum
706 2298 766 2334 esset
789 2291 910 2334 commissi.
932 2290 978 2333 Sed

191 2358 274 2400 iustam
298 2372 396 2410 causam,
421 2371 460 2400 cur
483 2358 544 2401 Pauli
566 2361 634 2402 verba
655 2366 775 2411 mutemus,
791 2360 882 2402 minime
898 2360 978 2401 adesse

192 2427 305 2470 existimo.
329 2427 427 2479 Etenim,
451 2428 493 2469 nisi
514 2428 589 2470 omnia
605 2442 641 2471 me
657 2428 743 2480 fallunt,
760 2428 787 2470 de
802 2427 890 2483 piaculo
906 2428 978 2482 agitur

192 2495 302 2548 operis
318 2496 475 2538 faciendi.
494 2495 535 2537 Vis
552 2497 612 2539 enim
627 2497 683 2552 legis
698 2495 978 2551 haecestzpaelicineque

192 2562 271 2604 lunoni
294 2563 419 2606 sacrificare
442 2576 516 2617 neque
538 2564 610 2607 iurare
632 2579 672 2619 per
694 2565 802 2608 Iunonem
817 2564 880 2615 licet;
897 2563 978 2619 quodsi

217 2678 234 2725 1)
248 2678 276 2715 ct
295 2679 352 2715 XXV
364 2683 387 2715 30
406 2679 490 2725 (panau)
509 2679 570 2714 avolsa
582 2680 659 2716 scrobem
672 2680 742 2726 repleri
752 2680 807 2716 uario
817 2680 977 2727 gouamfrugum

192 2734 258 2782 religio
270 2738 297 2770 ost
308 2746 330 2770 aa
342 2738 402 2770 urim
410 2734 535 2781 maturatum.
547 2736 598 2772 Num
611 2738 635 2773 de
649 2737 702 2773 cultu
714 2737 788 2783 agitur?

216 2791 236 2836 2)
249 2792 350 2835 Wissowa,
363 2792 385 2826 R.
399 2791 439 2834 K.²‚
453 2802 471 2837 p.
485 2795 525 2834 185,
539 2803 557 2827 n.
570 2795 587 2827 5.
