2051 3214
411 104 412 107 ¹
452 136 494 177 119

79 262 147 304 modo
171 262 254 303 mentio
270 261 309 303 fiat
324 273 412 314 poenae
427 259 544 303 cuiuslibet
561 261 688 311 solvendae,
707 261 748 302 sed
763 260 867 313 precibus

79 331 102 373 id
125 337 213 372 tanturn
237 330 374 382 intendatur,
398 341 426 369 ne
448 341 535 370 sacrum
557 331 626 372 iustas
643 331 672 372 ob
689 342 768 371 causas
785 327 867 370 facien·
906 366 907 369 ,

79 400 133 441 dum
149 399 182 440 dis
199 398 322 451 displiceat,
339 403 364 439 ut
380 396 438 438 clare
454 397 527 440 elucet
543 411 571 439 ex
585 398 665 449 verbis,
679 411 738 451 quae
749 398 868 438 traduntur

79 482 92 509 a
108 465 194 509 Catone
208 466 237 507 de
252 464 323 520 agric,
342 465 384 507 139
400 464 448 506 sive
463 479 500 519 ago
515 465 563 508 sive
578 465 630 521 quis
643 466 708 507 mrsu
722 477 768 506 meo
776 463 866 518 fecerit,

79 535 130 577 uti
157 535 190 575 r'd
217 539 303 576 recte
326 532 456 586 suctum
485 533 558 585 siet,
582 533 654 576 etas
676 533 726 575 rei
748 546 822 586 ergo
847 539 867 574 te

78 603 117 645 lroc
143 609 208 658 porco
229 601 467 657 piucrrlo'r'rrruolarrdo
482 603 551 645 torius
563 609 640 657 preces
652 608 736 657 precor.
753 601 798 654 Qui
813 614 867 643 vero

78 672 125 713 fieri
146 677 229 725 potest,
244 676 269 712 ut
289 670 357 711 homo
373 668 422 724 lege
438 670 511 712 divina
528 671 634 713 multetur
649 671 783 724 puniaturve
799 670 828 711 ob
844 670 867 711 id

79 740 139 795 quod
163 740 205 793 ipsi
229 739 251 781 di
275 744 327 780 sunt
351 738 508 791 approbaturi?
530 739 597 792 Quod
618 740 637 780 si
653 738 764 781 Wissoua
779 738 866 792 piacula

78 809 152 862 operis
168 807 264 849 faciendi
279 806 349 861 magis
366 807 506 859 attendisset,
522 807 625 862 profecto
642 807 725 850 multae
740 807 867 863 piaculique

79 876 245 918 similitudinem
262 888 307 916 non
323 881 369 916 tam
385 873 429 916 late
445 877 585 919 extendisset
596 873 620 932 ¹).

107 944 182 997 Quare
205 956 284 997 graues
308 944 337 985 ob
361 956 440 985 causas
464 944 517 985 mihi
537 945 625 986 videtur
646 945 782 998 negandum,
800 958 865 986 sacro

78 1013 163 1067 absque
187 1011 239 1054 dolo
262 1010 322 1053 malo
338 1012 459 1055 commisso
476 1013 509 1054 vel
526 1013 689 1055 committendo
706 1012 790 1054 factum
807 1026 864 1064 esse,

78 1087 102 1123 ut
117 1080 214 1123 Romani
230 1081 258 1122 ad
274 1079 407 1126 sacrificium
422 1080 534 1133 piaculare
550 1080 678 1123 faciendum
695 1094 720 1122 se
733 1080 864 1135 obligarent,

78 1150 112 1191 vel
142 1150 203 1203 quod
233 1149 314 1190 eodem
342 1148 406 1199 redit,
430 1148 541 1202 piaculum
565 1149 656 1202 proprio
679 1161 747 1190 sensu
770 1148 864 1190 multam

76 1231 163 1259 sacram
188 1216 258 1258 luisse
281 1230 321 1258 seu
336 1229 439 1269 poenam.
456 1216 506 1259 Non
522 1218 573 1258 ideo
589 1212 665 1258 tamen
681 1228 739 1271 nego
755 1216 864 1258 Romanis

76 1299 152 1328 veram
167 1284 328 1340 obligationem
344 1283 413 1326 fuisse
429 1291 453 1327 ut
468 1284 556 1339 piaculo
572 1284 680 1336 facerent,
697 1285 737 1327 sed
752 1285 775 1326 id
791 1284 863 1327 solum

77 1354 198 1405 contendo,
228 1352 388 1408 obligationem
419 1367 469 1395 eam
501 1366 546 1396 non
570 1366 688 1395 emanasse
711 1377 740 1383 -
763 1354 820 1395 sieut
840 1353 863 1394 in

78 1427 204 1475 contractu,
226 1428 287 1472 voto,
302 1434 355 1463 vero
370 1421 451 1464 delicto
467 1422 549 1464 accidit
563 1444 592 1452 -
606 1434 635 1462 ex
647 1421 715 1475 ipsius
731 1422 789 1463 sacri
802 1434 863 1463 com-

76 1490 138 1532 missi
151 1491 197 1531 sive
212 1489 368 1532 committendi
382 1496 468 1541 natura,
483 1489 642 1531 verumeiuris
655 1489 862 1545 sacriscriptalege.

76 1558 143 1613 Quod
164 1558 285 1600 discrimen
306 1558 330 1599 in
350 1557 393 1599 hac
414 1564 491 1600 nostra
512 1557 656 1612 inquisitione
675 1557 734 1600 haud
751 1558 813 1611 parvi
829 1565 863 1600 est

75 1626 247 1669 aestimandum.
269 1625 328 1667 Nam
348 1627 367 1667 si
388 1625 472 1668 multae
491 1640 531 1668 seu
551 1639 638 1679 poenae
655 1626 763 1681 obligatio
777 1627 799 1668 in
814 1628 862 1680 ipsa

75 1696 131 1737 sacri
160 1694 275 1737 commissi
298 1694 391 1736 notione
414 1695 575 1752 contineretur,
597 1694 730 1736 sacrificium
750 1695 862 1748 piaculare

74 1763 201 1805 necessario
222 1768 283 1804 esset
305 1762 437 1804 sacrificium
459 1763 546 1816 peccati
558 1761 594 1804 uel
608 1762 762 1817 purgatorium
769 1774 775 1815 ;
792 1770 815 1805 et
828 1777 861 1815 ea,

74 1845 131 1886 quae
145 1831 224 1873 horum
240 1830 399 1873 sacrificiorum
415 1831 505 1884 propria
520 1838 579 1881 sunt,
596 1831 673 1885 procul
688 1831 757 1873 dubio
773 1832 795 1873 in
812 1832 861 1885 ipso

55 1899 153 1953 piaculi
176 1899 219 1941 ritu
243 1898 301 1940 clare
323 1906 463 1952 apparerent.
483 1898 507 1941 Si
523 1905 602 1942 contra
616 1899 722 1954 obligatio
739 1900 767 1942 ad
780 1900 861 1954 piaculi

74 1968 194 2010 essentiam
215 1980 260 2009 non
282 1966 384 2021 pertinet,
407 1968 447 2009 sed
463 1973 550 2009 tantum
563 1981 576 2008 a
592 1968 675 2020 scripta
689 1968 742 2009 iuris
757 1967 805 2023 lege
822 1969 860 2009 de-

73 2037 163 2089 pendet,
187 2049 216 2077 ex
240 2034 278 2077 tali
300 2034 436 2090 obligatione
460 2035 598 2089 piaculorum
619 2042 698 2077 natura
713 2035 775 2077 nullo
791 2036 859 2078 modo

72 2103 201 2146 illustratur.
222 2103 280 2146 Nam
295 2103 333 2145 lex
349 2104 432 2158 scripta
445 2104 584 2158 piaculorum
599 2104 649 2146 loco
665 2104 732 2146 etiam
748 2104 860 2146 lustratio-

73 2186 112 2214 nes
128 2186 207 2226 preces
219 2172 392 2227 supplicationes
408 2172 450 2214 alia
466 2172 536 2214 multa
547 2173 700 2226 praescribere
713 2173 829 2225 potuisset.

50 2255 51 2258 ¹
102 2239 153 2282 Non
175 2241 254 2295 ignoro
270 2242 293 2283 in
309 2242 356 2283 iure
373 2241 430 2283 civili
445 2241 600 2284 Romanorum
617 2253 788 2295 nonnumquam
804 2241 860 2283 obli-

73 2310 186 2364 gationem
209 2310 261 2351 oriri
276 2310 345 2364 quasi
360 2323 388 2351 ex
403 2309 496 2360 delium
512 2310 595 2352 etenim
611 2322 662 2351 eum
678 2309 701 2350 in
715 2308 797 2360 locum,
815 2322 859 2363 quo

73 2377 139 2432 vulgo
154 2378 196 2419 iter
210 2378 279 2420 fiebat
294 2378 329 2419 vel
345 2379 367 2420 in
382 2392 426 2432 quo
443 2378 613 2428 consistebatur,
631 2377 742 2419 deiectum
758 2377 791 2419 vel
805 2378 859 2419 effu-

73 2459 122 2487 sum
146 2446 199 2499 quid
221 2452 269 2488 erat
291 2460 335 2500 qua
357 2460 385 2488 ex
407 2460 431 2488 re
446 2447 553 2489 damnum
570 2452 617 2488 erat
633 2445 725 2500 factum,
741 2446 760 2486 is
776 2443 860 2499 qui'ibi

72 2514 193 2565 habitabat,
215 2515 276 2556 unde
299 2528 333 2556 res
358 2522 405 2557 erat
428 2516 514 2557 deiecta
535 2514 569 2556 uel
584 2513 662 2565 effusa,
677 2527 814 2569 quamquam
830 2515 858 2556 ab

97 2690 113 2736 1)
126 2691 155 2724 De
168 2691 245 2735 piaculo
258 2690 323 2735 operis
336 2689 422 2726 faciendi
434 2691 490 2735 quasi
500 2691 621 2735 praeteriens
633 2690 672 2736 agit
679 2689 780 2732 Wissowa,
788 2689 811 2724 R.
818 2688 857 2731 Ka,

72 2757 91 2791 p.
104 2750 149 2781 411:
168 2757 235 2789 „wrrrrr
254 2747 283 2780 eiu
296 2744 401 2790 ssirrrrrlum’
415 2745 508 2792 begurrgerr
521 2745 595 2781 worden
608 2746 633 2780 r'st
643 2745 688 2780 aiter
699 2745 728 2780 eiu
742 2745 858 2780 uriveruzrr‘d-

72 2801 126 2837 licias
140 2801 244 2848 ‘piaculum'
258 2801 283 2837 r'nr
297 2813 366 2837 voraris
378 2802 499 2837 nesciuntur
509 2801 596 2849 gebracht
607 2801 682 2836 werden
695 2801 746 2836 sorar
