2051 3214
448 145 476 190 79

101 272 164 315 Licet
188 270 284 312 rationes
301 285 313 312 a
329 270 440 313 Wissowa
456 271 533 313 allatae
550 278 574 313 ut
590 284 678 325 semper
692 270 800 325 gravitate
814 284 853 313 sua

74 354 116 386 non
140 344 238 390 careant,
261 346 337 381 tamen
353 339 471 381 historicus
487 339 585 381 sacrificii
601 352 667 394 quern
683 339 788 393 proponit
804 352 854 393 pro·

74 420 161 467 gressus
190 406 243 448 mihi
266 407 356 461 probari
379 419 425 449 non
448 413 529 461 potest.
553 407 644 450 Etenim
669 408 713 449 iam
736 407 785 461 ipsa
809 420 854 448 vox

6 475 8 477 ’
71 486 151 535 parcae
163 474 334 529 praecidaneae,
352 474 407 517 satis
423 476 519 530 antiqua,
537 476 559 517 ni
575 475 646 527 fallor,
662 475 770 518 indicium
787 476 855 517 edere

73 546 158 589 videtur
182 543 313 585 sacrificium
337 543 412 597 potius
434 544 544 598 respicere
567 545 596 586 ad
612 544 725 587 actionem
741 544 854 598 quandam

9 620 10 623 ’
73 617 209 668 sequentem,
233 625 300 666 quam
325 611 354 653 ad
375 611 418 654 iarn
439 619 505 655 antea
521 612 642 655 commissa
657 612 750 666 piacula.
766 612 854 655 Deinde

74 684 91 726 si
111 693 179 735 porca
198 681 347 734 praecidanea
362 680 406 722 iarn
422 681 474 723 inde
490 682 517 723 ab
532 682 595 724 initio
611 681 723 735 piaculum
739 682 855 724 commissi

5 751 13 770 ³
74 750 157 799 fuisset,
181 755 242 790 certe
266 762 316 790 earn
337 748 421 803 antiqui
440 749 541 791 hornines
557 762 602 792 non
619 757 671 792 ante
687 762 785 791 messem
801 762 854 792 con-

74 817 176 867 dendam,
206 817 246 859 sed
270 824 322 859 ante
345 829 410 871 agros
434 818 578 860 seminandos
602 816 685 859 Telluri
708 824 853 860 mactassent.

73 886 128 929 Nam
145 897 234 939 semper
250 885 346 927 Romani
362 886 423 926 anxii
438 892 507 937 erant,
524 899 552 927 ne
568 884 644 928 Tellus
661 892 733 928 mater
748 899 853 941 agrorum

73 952 260 996 sterilitate
284 953 383 995 offensas
408 955 501 996 mortuis
521 953 593 996 illatas
614 954 768 1005 ulcisceretur;
785 961 853 1009 atque

7 1071 9 1073 ‚
73 1023 125 1064 haec
149 1034 203 1074 prae
227 1022 306 1064 ceteris
326 1022 428 1065 anxietas
449 1036 515 1064 causa
537 1028 590 1073 erat,
612 1036 651 1065 cur
667 1022 738 1065 cultus
754 1023 853 1065 manium

73 1095 132 1132 arcte
163 1102 214 1131 curn
246 1090 392 1144 agricolarum
423 1091 551 1133 muneribus
575 1092 754 1146 coniungeretur.
778 1090 854 1145 Quare

0 1179 10 1211 χ
73 1158 139 1200 etiarn
164 1157 244 1200 Graeci
260 1171 305 1200 non
321 1164 373 1200 ante
390 1171 493 1210 messem,
510 1159 550 1200 sed
565 1159 587 1217 in
604 1159 676 1211 prima
692 1159 792 1200 aratione
808 1161 854 1214 agri

4 1258 12 1282 3
74 1240 111 1268 eos
135 1226 171 1279 qui
195 1227 288 1269 mortuis
311 1227 369 1268 iusta
392 1241 437 1269 non
454 1228 569 1280 dederant,
585 1218 619 1268 dis
635 1226 711 1268 inferis
728 1229 854 1269 consecrari

74 1294 181 1345 solebant,
206 1294 234 1336 cf.
258 1294 326 1337 schol.
351 1295 379 1336 ad
402 1294 507 1349 Sophocl.
531 1293 609 1348 Aretag.
634 1294 678 1337 255
699 1293 716 1335 ai
736 1292 775 1347 γὰρ
791 1295 854 1348 νεκρὸν

15 1404 17 1407 f
73 1361 149 1415 ὁρῶντες
164 1359 246 1414 οὶοοοφοο
261 1361 296 1404 uari
312 1360 342 1414 μὴ
357 1361 512 1414 ἕοοοομοοοέμεοοο
525 1360 574 1404 aa'era
587 1361 665 1413 ἑοοογεῖς
678 1357 727 1404 οἴνοιο
740 1361 851 1406 ἐδόκουν...

74 1429 129 1481 λόγος
146 1428 167 1471 δὲ
183 1427 212 1473 i'r:
228 1429 327 1483 Bouillana
340 1428 441 1479 Ἀθήνησι
458 1429 585 1482 κοοτοοοὶοοοτο
600 1434 640 1477 τοῖς
654 1431 762 1484 περιορῶσιν
770 1428 853 1485 οὲτοοφοο

74 1500 131 1548 adaia
142 1495 165 1554 ¹).
195 1500 270 1542 Ritum
299 1513 352 1541 vero
375 1513 457 1553 porcae
480 1501 647 1554 praecidaneae,
672 1513 738 1555 quem
763 1500 853 1543 exhibet

74 1566 129 1609 Cato
153 1568 168 1608 l.
185 1569 206 1618 l,
225 1569 254 1609 ad
271 1567 427 1623 agriculturam
444 1574 531 1611 tantum
547 1574 649 1622 spectare
663 1582 737 1622 neque
754 1582 806 1611 vero
824 1570 852 1612 ad

74 1636 101 1676 ad
117 1634 200 1677 cultum
216 1636 322 1688 manium,
339 1636 430 1678 minime
446 1636 498 1678 mihi
514 1636 585 1678 habeo
601 1649 740 1689 persuasum,
756 1643 779 1678 et
793 1643 853 1680 certe

3 1715 10 1762 J
74 1716 102 1744 ex
117 1703 189 1745 verbis
206 1702 298 1747 Catonis
315 1705 337 1746 id
354 1705 435 1747 deduci
450 1718 495 1747 non
504 1711 585 1759 potest.
594 1704 683 1747 Etenim
692 1705 761 1759 ipsius
769 1706 853 1758 praeci·

74 1772 157 1813 daneae
178 1773 283 1824 carmina,
305 1786 362 1827 quae
378 1773 465 1815 rusticis
482 1778 516 1814 sat
532 1779 585 1814 nota
601 1774 688 1815 videtur
704 1773 852 1826 existimasse,

1 1866 10 1890 3
73 1837 128 1881 Cato
152 1841 244 1883 omnino
267 1854 313 1883 non
334 1841 433 1896 attingit,
451 1841 548 1883 carmina
564 1847 650 1883 tantum
667 1841 741 1893 refert,
758 1843 852 1896 quaein

73 1907 122 1949 vino
145 1907 236 1951 libando
260 1915 282 1951 et
305 1908 404 1950 struibus
428 1908 584 1951 ommovendis
607 1908 653 1952 Iovi
675 1909 773 1964 fanoque
789 1918 853 1953 erant

6 1995 7 1998 =
38 1966 39 1969 ¹
73 1975 172 2027 dicenda,
189 1983 211 2019 et
227 1978 297 2030 ipsam
313 1979 478 2031 praecedebant
493 1977 670 2031 praecidaneam.
684 1977 764 2019 Preces
777 1985 853 2020 autem

5 2051 7 2053 ’
72 2043 113 2096 ipsi
136 2042 211 2087 Cereri
235 2044 358 2096 faciendae,
382 2059 437 2100 quas
462 2044 518 2088 Cato
539 2059 583 2087 non
605 2045 679 2097 refert,
696 2059 742 2088 non
758 2046 852 2089 multum

5 2158 6 2161 Ἴ
73 2110 220 2165 discrepuisse
242 2115 346 2167 putoab
366 2114 399 2165 iis,
422 2128 479 2168 quae
495 2113 591 2168 agricola
607 2114 629 2156 in
646 2113 786 2157 conlucendo
802 2114 853 2158 luco

73 2178 191 2223 adhibebat
215 2179 251 2238 (cf.
274 2181 323 2224 Cat.
344 2183 358 2224 l.
376 2183 391 2224 l.
414 2180 476 2238 141);
501 2182 596 2236 ideoque
619 2183 641 2224 in
664 2183 690 2223 iis
715 2183 853 2240 mentionem

73 2244 153 2289 factam
182 2263 232 2292 esse
261 2252 317 2292 sacri
345 2250 403 2292 forte
430 2251 592 2300 committendi,
617 2248 682 2292 facile
705 2251 806 2293 adducor
829 2259 853 2294 ut

73 2316 161 2358 credam
171 2313 197 2374 ²).
227 2317 320 2360 Sacrum
348 2324 424 2360 autem
447 2318 501 2360 illud
524 2317 710 2360 committendum
734 2319 853 2373 praecipue

7 2405 8 2408 =
73 2383 169 2426 manium
186 2386 270 2429 cultum
282 2387 411 2438 intendisse,
426 2387 494 2429 modo
503 2399 569 2440 supra
577 2386 672 2429 ostendi.
681 2385 748 2440 Quod
757 2388 853 2442 denique

72 2500 168 2509 Ἢ

96 2572 112 2618 1)
126 2574 154 2610 Cf.
167 2577 273 2620 Dieterich‚
287 2578 359 2612 rifzetter
371 2577 427 2622 Erde,
440 2589 458 2623 p.
472 2581 502 2622 783
515 2578 616 2621 Wissowa,
630 2578 652 2613 R.
666 2579 703 2621 K.²,
717 2590 735 2625 p.
750 2582 790 2622 193,
804 2591 821 2615 n.
836 2578 852 2615 8.

96 2630 113 2675 2)
126 2631 154 2667 Cf.
167 2634 198 2670 De
210 2635 283 2671 Marchi
296 2646 381 2681 quoque,
394 2635 414 2670 Il
424 2634 557 2681 caltaprivate,
564 2646 582 2680 p.
590 2634 630 2679 f89,
638 2647 656 2670 n.
664 2639 680 2670 3.
687 2635 852 2682 Distinguendum

72 2689 135 2724 tamen
155 2698 184 2728 est
202 2693 253 2728 inter
270 2692 422 2737 praecidaneam
441 2691 520 2728 Catonis
537 2696 557 2727 et
569 2690 713 2726 conlucationis
725 2691 852 2735 sacrificium

72 2744 124 2785 quod
137 2747 225 2785 ultimum
237 2749 258 2784 fit
271 2749 296 2784 ob
310 2759 410 2784 sacruma
429 2748 565 2793 prudente
584 2747 752 2790 committendum,
766 2748 851 2792 ideoque

73 2802 101 2833 est
111 2800 208 2844 piaculum
220 2804 280 2850 aperis
288 2803 380 2851 faciendi,
393 2805 418 2840 de
431 2815 470 2849 quo
484 2805 502 2839 in
516 2804 575 2839 altera
588 2808 643 2848 parte
655 2802 712 2839 huius
726 2804 800 2848 capitis.
