2051 3214
565 129 594 171 80

189 255 217 297 ad
238 253 363 296 Wissowae
385 255 451 296 verba
467 255 557 297 attinet:
573 256 596 297 in
612 267 680 309 porca
696 252 799 296 iacienda
813 251 909 295 Telluris
925 251 970 294 cul·
1024 260 1026 262 “

189 331 236 366 tum
260 323 378 377 praecipue
402 323 430 365 ad
452 333 553 365 mortuos
575 331 696 377 spectasse,
713 321 801 364 Cereris
816 321 900 364 cultum
917 333 969 362 vero

165 411 166 415 ¹
189 392 218 435 ad
242 391 410 447 agriculturam:
434 391 521 447 etiamsi
536 393 580 434 sint
596 406 655 443 vera,
672 392 763 433 minime
778 397 853 432 tamen
869 401 970 444 progres-

189 461 274 503 sionem
291 459 397 511 sacrificii,
414 472 480 513 quam
497 460 588 514 quidem
604 460 719 515 constituit
736 460 768 501 vir
781 458 866 509 doctus,
876 459 970 511 probare

189 534 291 583 possunt.
315 527 373 569 Fieri
397 527 455 568 enirn
479 534 560 580 potest,
578 534 602 570 ut
619 528 722 571 etiamin
739 527 871 569 rusticorum
887 525 971 579 praeci·

190 598 261 640 danea
284 595 360 638 Tellus
377 602 448 638 mater
464 595 537 638 locum
555 595 629 638 Cereri
646 598 726 656 cedere
742 596 849 637 debuerit.
866 592 933 647 Quod
949 599 971 635 et

189 666 211 707 in
234 665 389 720 antiquissimo
412 664 449 706 illo
474 664 582 706 sacrificio
602 656 781 720 praesentaneae
799 670 881 719 parcae
900 661 969 717 (Fest.

189 733 212 775 M
228 733 307 789 2501,
323 729 375 789 296)
399 732 484 774 iactum
508 733 616 784 videmus,
640 735 700 787 quod
723 733 846 786 posteriore
869 738 973 784 ternpore
1023 736 1025 738 ’

190 802 265 845 Cereri
289 814 377 855 semper
400 800 474 852 fiebat,
498 801 560 842 initio
581 808 657 843 tamen
672 800 755 843 Telluri
771 800 864 842 mactari
880 798 970 840 solitum

189 871 257 913 fuisse
273 872 320 925 ipse
336 868 446 911 Wissowa
462 866 485 924 (l.
503 870 517 910 l.
533 881 554 921 p.
573 866 623 925 194)
632 869 750 911 existimat.
760 867 827 922 Quod
835 868 915 909 mirum
925 879 969 909 non

190 947 235 983 est:
252 952 304 981 nam
321 940 387 981 etiam
402 939 425 979 in
441 938 599 992 antiquissimis
615 938 656 979 illis
673 937 817 993 agricolarum
831 932 970 978 Ambarvali-

190 1010 231 1051 bus
247 1008 294 1061 ipse
310 1020 400 1061 quoque
415 1005 475 1048 Mars
492 1020 505 1047 a
521 1004 602 1049 Cerere
617 1006 722 1060 paulatim
739 1007 920 1048 submovebatur.

218 1075 294 1130 Quare
317 1088 399 1128 porcae
422 1075 583 1128 praecidaneae
607 1076 739 1117 sacrificium
761 1074 818 1117 hano
833 1073 970 1128 progressio-

190 1157 241 1187 nem
260 1143 370 1185 babuisse
393 1149 455 1197 puto.
478 1143 588 1197 Principio
609 1143 721 1197 piaculum
743 1149 790 1185 erat
806 1150 857 1185 ante
873 1155 970 1184 messem

191 1212 340 1263 condendam,
358 1225 403 1265 quo
419 1211 494 1253 Tellus
509 1212 634 1265 placaretur
650 1212 679 1253 ob
696 1225 758 1254 sacra
767 1212 884 1265 praecipue
893 1215 970 1252 contra

189 1282 237 1323 iura
260 1280 359 1322 manium
383 1280 405 1321 in
429 1281 536 1322 metendo
560 1279 618 1321 forte
639 1280 806 1322 committenda.
822 1277 879 1321 Cum
895 1285 970 1321 autem
1023 1318 1025 1320 ,

189 1348 295 1402 paulatim
317 1348 369 1389 urbs
385 1347 458 1390 Roma
474 1355 590 1399 cresceret,
607 1347 681 1390 multis
697 1348 823 1390 hominibus
838 1346 969 1389 sacrificium

189 1417 243 1460 illud
267 1416 375 1458 rusticum
397 1429 488 1470 prorsus
510 1429 700 1469 supervacaneum
719 1416 788 1458 fiebat
803 1422 870 1469 atque
885 1413 969 1456 inutile.

190 1484 265 1541 Quare
289 1484 400 1537 oppidani,
424 1485 445 1525 vi
468 1484 569 1526 sacrificii
590 1485 673 1527 sensim
695 1491 787 1536 mutata,
803 1497 894 1538 porcam
909 1483 967 1524 illam

190 1558 288 1594 mactare
305 1559 427 1606 coeperunt
443 1553 471 1594 ob
488 1566 551 1595 sacra
567 1553 619 1594 anni
634 1554 718 1607 peracti
734 1558 811 1595 contra
824 1553 858 1594 ius
871 1552 969 1594 manium

190 1621 317 1671 commissa,
333 1619 435 1675 analogia
450 1620 508 1663 forte
525 1628 547 1662 et
563 1620 667 1675 exemplo
679 1620 825 1676 prapaaz'aa's
841 1622 887 1663 eius
899 1618 967 1674 paci,
1024 1643 1025 1646 =

190 1690 227 1744 qui
255 1689 316 1743 genti
344 1686 450 1730 Claudiae
478 1690 566 1731 statutis
589 1691 727 1743 temporibus
751 1688 810 1731 velut
832 1689 969 1742 piamentum

190 1756 262 1799 omnis
287 1762 416 1798 contractae
440 1756 551 1811 religionis
568 1764 615 1799 erat
631 1755 700 1814 (Fest.
716 1757 739 1799 M
754 1757 797 1799 238
813 1757 832 1799 L
849 1755 908 1811 274).
924 1754 969 1798 Sed

190 1831 212 1867 et
236 1822 383 1879 agricolarum
404 1824 555 1877 'praecidanea
577 1825 683 1878 paulatim
700 1825 833 1867 mutabatur.
849 1825 895 1866 lam
910 1824 969 1878 apud

190 1892 300 1936 Catonem
323 1893 337 1934 l.
355 1893 370 1934 l.
395 1893 437 1934 dea
460 1891 536 1933 Tellus
560 1892 633 1934 locum
655 1894 721 1935 cessit
738 1892 818 1945 Cereri,
835 1893 893 1935 sicut
909 1899 931 1935 et
946 1892 969 1932 in

189 1959 366 2003 Ambarvalibus·
375 1959 434 2001 Mars
448 1961 468 2001 ei
477 1960 544 2002 cessit
553 1967 575 2003 et
583 1960 738 2003 suovetaurilia
747 1961 793 2003 eius
803 1961 830 2002 ab
839 1961 918 2003 eadem
927 1960 969 2002 dea

190 2030 385 2072 submovebantur.
408 2027 508 2082 Apparet
530 2028 571 2070 hac
594 2029 616 2070 in
641 2043 664 2070 re
686 2042 790 2084 magnam
806 2029 849 2071 vim
865 2029 969 2071 habuisse
1023 2064 1026 2082 ,Ἴ

190 2098 244 2139 ritus
260 2096 404 2139 Graecorum.
421 2095 488 2150 Apud
504 2096 627 2151 Vergilium
644 2095 722 2152 Georg,
738 2098 746 2139 l
762 2096 805 2139 347
815 2110 846 2151 sq.
865 2097 969 2151 antiquus

190 2166 343 2207 Romanorum
360 2165 414 2206 ritus
429 2164 472 2206 iam
489 2165 581 2206 omnino
598 2164 705 2208 abolevit:
722 2179 790 2221 aeqae
805 2172 862 2217 ante,
880 2166 916 2216 ait,

217 2337 218 2341 Ἰ
244 2281 329 2335 falcem
346 2281 445 2330 maturis
459 2281 577 2338 qaisquam
593 2289 707 2338 sappaaat
720 2283 808 2333 arastis,

248 2364 315 2405 qaam
334 2349 408 2392 Cerea
424 2357 482 2392 tarta
497 2349 618 2392 aedaaitas
635 2358 732 2406 teaapara
748 2364 828 2406 querca

249 2418 287 2459 det
301 2424 373 2459 motas
389 2417 544 2473 incompositas
560 2425 582 2459 et
596 2419 699 2461 carraz'aa
715 2419 783 2461 dicat.

219 2568 295 2610 Tertia
318 2569 466 2622 praecidanea
487 2582 513 2610 ea
536 2581 614 2624 agna
637 2570 741 2612 habenda
758 2576 798 2621 est,
816 2582 872 2624 quae
895 2574 969 2610 ante

191 2636 297 2678 vinalia
314 2637 425 2679 rustica
442 2638 581 2678 mactabatur
593 2638 656 2680 initio
671 2638 802 2681 vindemiae.
811 2638 887 2680 Ritum
894 2638 967 2691 ipsum

191 2705 280 2746 exhibet
296 2704 368 2746 Varro
384 2705 412 2746 de
427 2706 441 2747 l.
458 2706 473 2747 l.
491 2704 522 2746 VI
538 2706 565 2747 16
586 2704 678 2748 Vinalia
694 2720 708 2748 a
724 2707 788 2757 va'aa;
801 2703 967 2755 laicdiaslavis,

190 2786 233 2814 aaa
262 2772 365 2822 laneas,-
388 2772 457 2814 haias
480 2772 514 2814 rei
538 2786 592 2815 cara
616 2787 660 2815 aaa
684 2774 741 2816 levis
764 2774 788 2815 ia
812 2774 891 2816 Latia:
915 2788 968 2816 aaaa
