2051 3214
410 162 450 205 151

39 290 116 346 culpae
135 291 276 345 Inexpiabilis
297 290 379 332 multos
394 289 488 344 impulit,
503 297 528 332 ut
544 289 667 332 malefactis
684 289 820 332 deverticula

40 368 179 416 quaererent,
202 361 282 416 quibus
307 374 319 401 a
342 359 390 414 lege
406 360 480 402 divina
496 361 607 402 servanda
623 364 786 401 excusarentur
796 354 821 413 ¹).

39 429 105 472 Unde
120 442 171 471 cum
187 429 271 471 scelera
288 436 311 471 et
326 428 407 483 flagitia
422 428 491 471 multa
506 429 615 482 Impunita
631 433 755 480 manerent,
771 427 823 468 vitia

40 510 92 539 vero
115 497 174 539 haud
197 511 268 551 pauca
291 509 352 538 mere
373 496 458 538 ritualia
473 496 562 551 piaculo
577 495 698 547 luerentur,
715 494 821 548 paulatim

40 565 116 620 religio
136 578 188 607 vera
209 571 231 607 et
247 564 384 607 conscientia
399 564 487 606 honesti
503 564 574 618 periit,
593 564 772 619 necquidquam
788 576 821 604 re-

38 634 150 684 manebat,
175 638 198 674 ut
221 631 279 674 Tulli
295 632 368 674 verbis
384 639 440 683 utar,
457 633 499 674 nisi
515 633 602 686 species
617 632 683 674 fictae
699 630 821 673 simulatio-

39 702 81 743 nis.
104 700 155 755 Qua
178 700 319 743 simulatione
342 700 439 742 Romani
461 714 515 754 prae
539 701 618 742 ceteris
642 700 665 741 in
688 714 711 741 re
732 699 821 753 publica

39 771 137 824 gerenda
160 769 193 811 usi
217 776 279 820 sunt;
297 782 364 822 saepe
380 769 438 810 enim
455 770 535 811 mirum
551 769 573 810 in
590 769 683 810 modum
699 769 820 810 coniunxe-

39 843 91 880 runt
113 838 210 891 speciem
234 837 346 891 religionis
370 850 420 878 cum
442 837 541 892 nequitia
562 843 584 878 et
600 837 692 890 perfidia
707 836 819 891 singulari.

39 905 106 958 Quod
121 912 144 947 et
159 906 226 947 hodie
242 919 309 958 saepe
325 905 347 946 in
363 905 489 947 hominibus
506 903 598 959 singulis
612 905 719 957 videmus,
729 905 752 946 id
760 905 820 958 apud

38 974 152 1015 Romanos
177 974 252 1015 videre
274 974 346 1016 estin
363 979 411 1015 toto
427 973 520 1026 populo:
538 972 699 1015 conscientiam
715 973 820 1014 obtusam

38 1041 103 1084 simul
124 1049 146 1085 et
162 1042 321 1096 scrupulosam.
338 1041 383 1084 Sed
399 1044 478 1084 eadem
494 1041 611 1084 dissolutio
626 1042 649 1083 in
665 1042 750 1095 privata
766 1054 820 1095 quo-

38 1124 81 1165 que
97 1110 251 1152 Romanorum
266 1110 311 1152 vita
327 1111 477 1161 observanda;
491 1110 553 1164 quod
567 1110 655 1164 egregie
664 1110 821 1152 demonstrant

38 1184 129 1233 argutae
144 1177 194 1220 illae
210 1179 371 1232 disputationes
380 1176 405 1235 2),
422 1179 502 1233 quibus
518 1175 656 1233 quaerebant
670 1178 723 1232 quid
735 1178 819 1219 feriatis

40 1247 118 1288 diebus
143 1246 216 1288 facere
239 1245 322 1288 liceret.
344 1246 402 1288 Nam
426 1259 562 1302 quamquam
579 1246 683 1287 feriarum
700 1245 757 1288 ratio
772 1246 819 1288 iure

39 1314 113 1356 diuino
136 1315 191 1356 haec
211 1321 265 1366 erat,
282 1321 306 1356 ut
321 1315 423 1356 homines
439 1315 467 1356 ab
483 1327 552 1368 opere
567 1315 712 1366 abstinentes,
730 1313 819 1368 speciali

40 1383 109 1424 modo
125 1382 252 1424 numinibus
268 1383 341 1434 dicati,
358 1382 483 1437 diligentius
500 1395 567 1437 quam
581 1381 634 1424 alias
648 1382 703 1424 deos
712 1382 819 1433 colerent,

38 1449 94 1503 Cato
117 1451 140 1491 In
161 1450 221 1492 feriis
243 1451 388 1492 observandis
405 1451 548 1493 cautissimus
564 1452 753 1505 castissimosque,
769 1450 820 1492 villi·

37 1531 88 1560 cum
104 1517 219 1571 alloquens
235 1518 278 1559 hoc
293 1519 361 1561 modo
377 1519 411 1578 ius
427 1532 516 1560 sacrum
533 1518 637 1560 feriarum
653 1519 818 1572 interpretatur,

37 1587 64 1628 de
86 1586 157 1641 agric.
180 1586 238 1627 114:
259 1592 301 1640 per
312 1585 390 1639 sericis
402 1587 505 1640 putuisse
514 1585 596 1640 fossus
611 1593 694 1629 aemes
710 1587 816 1641 detergrz',

36 1654 97 1696 viam
109 1654 224 1708 publicum
241 1654 332 1704 nariam,
350 1661 427 1708 uepres
441 1654 518 1705 rendi,
533 1654 621 1696 hortatur
629 1654 713 1708 fodiri,
723 1661 817 1709 pratum

32 1721 138 1775 purgum,
162 1722 242 1777 uirgas
265 1722 353 1773 uinciri,
370 1722 451 1777 spinas
466 1722 567 1773 runcari,
585 1722 677 1777 expiari
687 1722 738 1776 fur,
755 1736 818 1765 aaran·

36 1790 108 1832 ditias
127 1790 190 1844 fleri.
211 1790 286 1844 Quare
306 1790 388 1832 malum
405 1797 491 1844 patrem
508 1790 602 1833 familias
619 1789 675 1833 Cato
693 1792 782 1833 dicebat
791 1788 816 1847 ³),

36 1858 73 1912 qui
87 1859 183 1900 interdiu
199 1857 289 1909 faceret,
306 1859 366 1913 quod
382 1865 451 1901 noctu
467 1858 541 1900 facere
553 1865 641 1912 posset;
656 1859 755 1912 peiorem
764 1873 817 1902 vero

35 1926 72 1980 qui
88 1926 192 1979 profestis
208 1927 286 1969 diebus
294 1924 376 1981 ageret,
386 1927 446 1981 quod
455 1927 539 1968 feriatis
548 1927 652 1969 deberet!
662 1926 816 1970 Castissimam

36 2007 89 2036 sane
105 2000 127 2036 et
142 1994 316 2037 lucrosissimam
332 1994 436 2036 feriarum
453 1995 645 2038 observationem!

64 2061 100 2104 Sic
129 2061 206 2117 religio
235 2062 337 2104 Romana
364 2061 470 2116 paulatim
500 2076 636 2105 evanescens
660 2063 704 2105 vim
727 2064 816 2106 vitalem

34 2131 115 2173 amisit.
139 2130 231 2184 Quanto
255 2131 390 2173 detrimento
413 2131 468 2173 haec
493 2132 622 2185 depravatio
647 2131 714 2180 luerit
733 2132 816 2185 populo

34 2199 138 2241 Romano
161 2200 183 2241 in
199 2205 304 2252 promptu
326 2205 366 2240 est.
389 2197 447 2240 Nam
472 2200 579 2254 quamdiu
601 2199 703 2242 homines
728 2201 835 2242 cohibe-v

34 2267 115 2309 bantur
143 2267 281 2309 auctoritatis
309 2280 359 2308 curn
388 2267 504 2322 religiosae
532 2273 580 2310 tum
604 2268 672 2309 civilis
700 2276 762 2311 metu
790 2282 816 2311 ac

34 2336 163 2386 reverentia,
180 2335 266 2390 species
282 2334 361 2377 saltem
378 2335 464 2377 virtutis
481 2342 548 2390 atque
560 2336 684 2378 honestatis
699 2338 815 2389 manebat;

34 2402 74 2443 sed
98 2416 149 2444 cum
172 2416 196 2447 re
219 2403 307 2456 publica
327 2403 384 2444 civili
400 2404 568 2456 perturbatione
584 2404 690 2446 convulsa
707 2414 729 2448 et
744 2419 816 2459 paene

27 2565 29 2570 ,
58 2536 75 2581 1)
89 2536 117 2572 cf.
131 2536 170 2572 Clo.
183 2536 205 2570 de
218 2536 249 2581 off.
263 2536 288 2571 III
301 2538 335 2571 106
348 2546 382 2581 sq..

57 2591 74 2636 2)
88 2591 117 2626 Cf.
131 2592 171 2629 Cat.
185 2592 206 2626 (le
219 2603 261 2638 agr.
275 2595 309 2627 132
323 2597 342 2627 et
356 2595 402 2633 138;
416 2592 605 2628 Columell.112'2.5
619 2600 638 2630 et
650 2595 677 2629 XI
691 2598 747 2636 1.20;
760 2596 815 2631 Varr.

33 2648 54 2683 du
73 2648 84 2684 l.
104 2648 115 2682 l.
134 2649 159 2683 VI
172 2651 205 2692 293
225 2648 311 2684 Macrob.
330 2648 368 2682 Sar.
387 2649 395 2683 Ι
413 2651 442 2684 15.
454 2652 477 2684 21
497 2654 516 2684 et
536 2652 563 2684 16.
578 2653 648 2690 9-193
662 2651 710 2686 Gell.
724 2651 749 2688 N.
763 2651 786 2685 A.
799 2651 816 2686 ΙΙ

33 2708 61 2739 28.
75 2709 97 2748 33
117 2705 170 2741 Seru.
190 2706 213 2740 ad
232 2705 304 2751 Vergil.
318 2704 382 2751 Geurg.
396 2706 404 2741 I
417 2709 522 2753 :ros-2705
535 2706 586 2741 Festi
600 2707 618 2741 IlI
632 2711 667 2742 253
679 2707 696 2742 L
709 2710 755 2748 2985
768 2706 815 2742 Plin.

33 2761 58 2795 N.
72 2760 98 2795 H,
112 2760 174 2796 XVIII
186 2766 214 2796 40.

57 2816 75 2863 3)
88 2817 117 2852 Cf.
130 2817 177 2853 an.
191 2817 216 2852 N.
229 2817 255 2852 H.
268 2818 329 2853 XVIII
342 2822 371 2855 40.
