2051 3214
455 125 483 166 89

77 253 165 301 debant,
189 255 213 292 ut
236 256 314 293 auctor
338 255 372 291 est
396 248 518 303 Dionysius
542 249 590 292 VIII
613 251 653 293 89:
676 245 711 290 eal
733 253 862 301 παραχρῆμα

2 367 4 369 ,
76 317 129 373 μετα
151 318 209 358 ταῦτα
233 315 294 373 (post
318 316 426 371 uirginem
452 316 576 374 defossam)
601 315 658 360 αααα
682 314 709 357 τα
726 314 768 369 ἱεραὶ
784 315 818 358 καὶ
835 316 862 358 τα

12 441 14 444 v
76 383 221 443 μαντεύματα,
245 385 270 433 ὡς
294 382 407 438 ἀφεικότων
432 384 501 433 αὐτοῖς
524 388 561 427 τῶν
578 384 629 428 θεῶν
645 383 678 427 τὸν
696 382 765 436 χόλον,
782 383 862 435 ἐγίνετο,

77 465 98 499 et
112 455 142 497 IX
159 455 200 497 40:
217 454 228 503 ἡ
245 453 282 505 μὲν
298 448 328 495 οὖν
344 451 397 501 νόσος
413 453 423 502 ἡ
441 452 468 502 εἰς
484 453 521 500 τας
536 457 634 505 γυναῖκας
648 451 703 495 uoti
719 451 783 500 πολὺς
797 453 862 494 αὐτῶν

7 518 8 521 “
77 521 150 579 φθόρος
170 521 224 572 μετα
244 524 301 564 ταῦτα
323 520 345 564 τὸ
368 519 422 574 ἔργα
438 520 499 570 εὐθὺς
515 522 625 565 ἐπαύσατο.
643 522 749 565 Pontifex
765 535 861 577 quoque,

76 595 127 637 dum
150 591 262 633 horrenda
284 590 321 633 Illa
341 591 478 644 perficiebat,
495 605 577 634 arcana
593 592 704 647 quaedam
720 591 861 644 precabatur,

2 689 10 705 2
75 668 99 704 ut
113 665 187 702 narrat
204 658 333 701 Plutarchus
351 658 420 701 Num.
438 661 473 702 10.
489 659 591 714 Denique
607 659 734 701 Vestalium
748 658 862 713 sepultura

11 722 12 725 ¹
76 737 97 772 et
112 727 245 770 sacrificium
262 726 343 769 Graeci
358 733 381 768 et
397 726 504 780 Graecae,
521 727 578 771 Galli
594 734 616 770 et
632 727 710 770 Gallae
725 741 862 782 magnopere

75 801 131 840 inter
155 809 179 838 se
203 803 254 838 sunt
278 794 365 838 similia.
390 796 470 838 Restat
490 804 514 838 ut
535 809 719 847 commemorem,
737 795 824 838 Vestali
839 796 861 838 in

75 866 128 909 cella
149 864 296 906 subterranea
312 876 402 916 semper
418 866 544 917 appositam
561 877 611 906 esse
628 877 729 905 mensam
747 877 798 905 cum
814 877 861 907 mo-

76 935 125 978 dico
149 932 212 986 panis
236 945 306 986 aquae
330 931 380 982 olei,
402 945 430 973 ne
451 931 547 974 Romani
564 932 687 989 cautissimi
702 932 745 974 sibi
760 932 861 974 videren-

75 1011 110 1046 tur
126 1014 207 1054 corpus
223 999 277 1042 illud
293 998 346 1042 olim
363 1000 538 1042 sacratissimum
553 999 613 1042 fame
622 1000 792 1053 consumpsisse
801 1000 861 1043 ideo-

5 1090 6 1093 ¹
75 1084 117 1125 que
134 1068 275 1111 commisisse
291 1067 409 1124 piaculum.

103 1132 214 1192 Quodsi
235 1136 325 1191 virginis
349 1136 490 1192 neglegentia
506 1150 570 1179 sacer
585 1136 670 1179 Vestae
686 1137 743 1191 ignis
759 1143 807 1179 erat
823 1150 861 1178 ex-

77 1206 179 1256 stinctus,
203 1205 252 1259 ipsa
275 1203 373 1246 Vestalis
397 1211 455 1247 teste
478 1205 546 1247 Paulo
569 1204 595 1247 Μ’
610 1205 652 1247 106
673 1204 738 1248 L94
758 1213 780 1248 et
796 1205 860 1248 Livio

73 1273 164 1316 XXVIII
186 1273 251 1315 llo
272 1273 345 1327 flagris
369 1274 512 1324 caedebatur,
536 1274 578 1315 nisi
601 1274 670 1327 ipsius
687 1273 742 1315 deae
758 1273 861 1330 prodigio

75 1342 202 1384 innocentia
226 1340 315 1396 virginis
339 1339 411 1383 lucide
435 1349 574 1395 apparuerat,
598 1341 626 1384 cf.
642 1341 692 1384 Val.
708 1341 768 1384 Max.
784 1342 793 1383 I
810 1342 859 1385 1.7

76 1417 98 1452 et
113 1409 207 1463 Dionys.
223 1409 292 1451 1168.
310 1408 444 1451 Verberatio
460 1423 513 1461 vero
528 1410 571 1463 ipsi
587 1410 665 1464 virgini
680 1422 760 1463 poena¹
775 1410 806 1452 rei
819 1424 858 1464 pu-

75 1477 143 1520 blicae
166 1476 253 1531 piaculo
274 1484 329 1530 erat,
346 1478 406 1531 quod
422 1479 511 1531 egregie
526 1479 623 1531 probant
637 1477 746 1520 Aemiliae
761 1477 859 1520 Vestalis

75 1547 141 1588 verba
157 1547 216 1599 apud
232 1544 325 1598 DIonys.
340 1544 358 1586 II
373 1545 413 1587 68:
430 1545 447 1586 ri
463 1544 480 1586 δ’
498 1544 574 1588 alteru
590 1561 610 1587 τι
627 1544 744 1598 πέπρακταί
759 1560 800 1596 μα,
814 1549 859 1594 ταῖς

74 1614 132 1664 ἐμαῖς
157 1611 260 1665 τιμωρίαις
284 1611 307 1654 τὸ
331 1617 368 1662 τῆς
384 1611 460 1660 πόλεως
475 1610 524 1664 ἅμα
539 1612 661 1667 αφαγασαα,
678 1615 739 1669 quod
755 1615 858 1657 uertitur:

73 1682 132 1737 quod
153 1682 175 1723 si
194 1680 285 1735 piaculi
306 1695 321 1722 α
345 1694 379 1722 me
402 1687 517 1723 contracto
535 1680 615 1735 fuerit
635 1682 768 1733 commissio,
799 1696 859 1725 oreo

73 1750 183 1806 supplicio
207 1762 267 1791 rem
288 1749 455 1803 publicam
480 1751 577 1805 expiato.
600 1751 674 1804 Ipsum
691 1758 766 1793 autem
782 1752 857 1806 ignem

73 1820 209 1861 exstinctum
232 1818 388 1872 gravissimum
409 1818 505 1860 Romani
520 1818 633 1861 habebant
648 1820 782 1874 prodigium,
799 1820 859 1875 quod

73 1887 151 1929 hostiis
167 1885 289 1928 maioribus
305 1885 548 1941 supplicationibusque
564 1900 685 1940 procurare
701 1888 789 1941 saepius
803 1886 860 1930 sole-

38 1954 39 1958 ’
73 1955 133 2005 bant,
150 1953 179 1997 cf.
196 1954 244 1996 Liu.
262 1953 354 1995 XXVIII
371 1956 405 1997 Il.
421 1954 441 1996 7.
491 1984 492 1987 η

102 2022 148 2065 Sed
172 2024 216 2064 iam
240 2023 294 2066 satis
311 2022 395 2064 dixisse
412 2023 440 2064 de
455 2023 582 2065 Vestalium
598 2022 690 2077 piaculis
707 2024 761 2065 mihi
774 2024 858 2066 videor.

72 2090 129 2132 Nam
153 2092 244 2134 omuino
269 2091 387 2134 consentio
403 2104 456 2149 cum
474 2091 689 2146 souche-Leelercq,
706 2092 743 2146 qui
759 2093 787 2135 ad
803 2092 859 2135 Ves-

74 2158 151 2201 talium
182 2159 319 2214 sepulturam
347 2158 403 2200 haec
432 2160 525 2202 adnotat
554 2156 810 2215 (Daremberg-Saglio
833 2161 860 2203 III

77 2224 154 2283 1423):
181 2228 224 2282 „Jr
246 2227 344 2270 croirur's
367 2226 493 2277 volentior,
518 2241 559 2282 qur
582 2229 614 2269 las
626 2228 728 2282 porrtises
744 2236 784 2270 out
798 2228 862 2271 irnite'

56 2325 58 2329 Α
77 2294 106 2336 r'cr'
119 2297 168 2355 ¹des
189 2296 246 2338 riter
263 2309 335 2350 greca,
353 2309 438 2337 conaus
454 2310 480 2338 ou
498 2296 613 2346 insonans,
631 2295 724 2349 relotrfs
741 2298 755 2338 α
771 2296 858 2339 l’roter-

73 2371 159 2406 rement
173 2365 213 2406 des
229 2361 372 2416 rotdomum
384 2360 407 2419 ¹).

95 2509 111 2545 il
123 2505 225 2552 Ortginem
238 2506 334 2541 Graecam
347 2505 470 2551 placulorum
482 2505 591 2541 VestaIIum
604 2506 692 2541 indIcant
702 2511 744 2541 tum
751 2506 857 2543 slmilitudo

71 2571 115 2597 cum
133 2563 228 2599 sacrificio
248 2563 369 2599 Graecorum
389 2561 529 2608 Gallorumque
549 2562 582 2606 (cf.
602 2562 643 2597 Liu.
664 2562 721 2598 XXII
734 2565 762 2598 57.
777 2562 800 2608 4),
818 2568 858 2599 tum

71 2617 201 2664 discrepantia
213 2630 224 2655 a
237 2617 307 2654 ceteris
320 2619 453 2654 Romanorum
467 2619 554 2663 piacuIIs,
561 2623 602 2654 tum
610 2620 724 2663 praesertim
731 2619 792 2664 ipsIus
799 2617 858 2659 διαμα-

71 2672 163 2712 carperem
175 2675 266 2722 reIIgiosa
278 2674 400 2721 significatio,
414 2676 439 2711 de
452 2686 491 2720 qua
503 2675 593 2711 conferas
603 2674 858 2718 Schwenn,dr'eMensclrerr-

71 2728 126 2773 τιμίαν
137 2730 163 2765 ἰαί
174 2731 209 2765 deri
223 2730 255 2767 Gr.
269 2742 287 2766 α.
301 2730 360 2774 lioba,
373 2741 391 2775 p.
405 2733 434 2766 96.
448 2730 555 2776 Compares
569 2736 651 2767 mortem
665 2733 856 2779 quoqueAntigonIs

71 2786 122 2828 apud
135 2786 253 2832 Sophoclem
266 2793 285 2823 et
298 2786 385 2823 eiusdem
398 2785 464 2824 Electr.
479 2799 496 2824 u.
510 2791 552 2823 ³82.
