2051 3214
408 120 448 163 127

36 248 183 299 admittenda,
197 262 254 303 quae
269 249 446 290 concedentibus
463 250 510 290 eius
526 249 658 299 fautoribus,
675 248 736 292 nullo
752 252 821 293 modo

34 317 82 370 ipsa
98 318 253 360 Romanorum
266 317 380 372 religione,
395 330 461 372 quam
476 318 567 373 quidem
581 319 683 361 novimus
692 331 741 370 nos,
750 319 821 361 fulciri

35 385 129 428 videtur.
152 386 203 427 Alia
225 386 292 441 igitur
314 385 457 427 iterationum
480 386 606 440 explicatio,
623 400 681 442 quae
697 387 774 429 nititur
789 389 820 429 in-

36 454 130 508 digenae
145 454 300 496 Romanorum
316 451 467 507 barrrlurpoulp,
484 457 613 509 quaerenda
629 456 723 498 videtur.

64 521 95 564 Ut
127 529 205 565 notum
237 529 278 575 est,
310 528 442 576 repetuntur
472 538 485 565 a
515 523 630 575 Romanis,
663 524 697 566 vel
727 524 819 566 minimo

35 590 88 632 vitio
119 591 224 643 admisso,
257 604 335 644 preces
366 591 474 633 sacrificia
504 591 620 634 solemnia.
644 592 820 635 instaurationes

35 664 110 700 autem
129 659 179 700 illas
203 675 215 701 a
231 660 336 713 precibus
353 660 440 712 cepisse
455 660 550 714 initium,
567 661 649 702 deinde
664 662 687 702 in
702 661 782 703 hostiis
798 668 820 703 et

34 725 173 776 solemnibus
196 741 286 783 quoque
309 728 431 770 maioribus
456 742 506 770 esse
529 735 655 781 usurpatas,
679 735 740 771 recta
762 730 820 771 ratio

34 796 121 838 videtur
144 796 294 849 expostulare.
310 796 431 849 Praecipue
446 797 512 851 igitur
527 798 550 838 in
565 810 657 850 precum
673 798 820 840 renovatione

34 864 98 906 huius
128 865 265 918 quaestionis
288 864 370 906 solutio
394 865 435 907 erit
458 866 593 920 quaerenda,
618 864 659 907 Cui
681 866 819 919 inquisitioni

34 932 89 974 mira
105 934 215 986 quaedam
231 933 271 974 sed
288 946 340 974 vera
355 934 498 986 praemittere
513 933 586 976 liceat.
602 933 659 975 Nam
675 947 818 976 cumeorum

34 1002 141 1053 omnium,
159 1015 216 1056 quae
232 1001 315 1042 sivein
332 1014 405 1043 rerum
423 1007 503 1043 natura
519 1003 565 1043 sive
580 1003 603 1043 in
619 1003 719 1044 moribus
735 1009 757 1044 et
773 1003 819 1057 opi-

34 1069 138 1111 nionibus
154 1070 256 1112 humanis
272 1059 320 1111 fie'ri
335 1070 443 1121 videmus,
460 1076 533 1112 certas
549 1076 572 1112 et
585 1078 659 1113 rectae
673 1071 754 1113 rationi
767 1084 819 1112 con-

34 1144 154 1180 sentaneas
177 1151 256 1180 causas
279 1144 302 1180 et
318 1138 415 1180 rationes
432 1128 675 1193 quaerereisoleamus,
692 1139 752 1181 haud
768 1153 819 1181 raro

34 1211 110 1247 tamen
132 1206 212 1249 accidit
227 1207 359 1260 praesertim
376 1207 398 1247 in
414 1207 610 1260 superstitionibus
626 1213 649 1248 et
668 1208 690 1248 in
707 1208 819 1250 erroribus

34 1273 141 1329 religiosis
158 1275 302 1328 explicandis,
319 1282 343 1317 ut
359 1289 457 1330 eaquae
474 1288 542 1317 sanae
555 1275 635 1317 rationi
644 1288 710 1329 quam
720 1276 819 1317 maxime

36 1342 148 1384 contraria
171 1349 283 1396 putentur,
308 1350 383 1384 tamen
407 1357 459 1384 vera
482 1357 532 1385 esse
548 1344 693 1397 reperiantur.
710 1343 778 1398 Quod
793 1351 818 1386 ut

35 1411 113 1452 melius
137 1410 278 1466 intelligatur,
300 1411 377 1453 oculos
400 1425 484 1466 quaeso
506 1411 658 1453 circumferas
682 1411 771 1454 Etenim
796 1413 818 1453 in

33 1479 113 1521 horum
138 1493 227 1533 quoque
250 1479 365 1521 hominum
389 1480 499 1522 societate
523 1479 586 1521 multi
606 1493 680 1521 mores
697 1488 749 1522 sunt
765 1494 817 1523 con-

33 1548 215 1603 suetudinesque,
242 1549 296 1589 tabu
319 1561 358 1601 per
382 1561 418 1590 me
440 1548 493 1590 licet
508 1562 582 1599 voces,
598 1562 655 1603 quae
670 1548 734 1590 multi
750 1548 817 1592 stulta

33 1629 83 1658 esse
108 1622 130 1658 et
152 1617 227 1658 inania
247 1617 305 1658 bene
326 1616 470 1670 perspiciunt,
494 1623 571 1658 tamen
593 1616 696 1658 inbecillo
718 1618 816 1671 quodam

33 1691 94 1727 metu
113 1684 174 1726 ducti
190 1684 294 1726 omittere
310 1697 354 1726 non
371 1685 461 1727 audent⁴
478 1684 600 1726 Numerum
618 1686 653 1735 13,
668 1685 816 1727 hebdomadis

33 1753 92 1794 diem
109 1759 204 1803 sextam,
221 1753 263 1794 alia
279 1758 388 1802 sescenta,
405 1753 470 1794 huius
486 1753 565 1795 aetatis
580 1752 658 1795 lectori
674 1767 778 1795 revocare
794 1754 817 1794 in
854 1783 858 1791 .

32 1827 131 1863 mentem
156 1834 212 1874 opus
235 1834 280 1862 non
305 1821 351 1863 erit,
376 1819 427 1873 Qua
451 1835 504 1862 vero
528 1826 604 1862 mente
626 1821 654 1862 ab
670 1822 703 1872 iis,
721 1822 759 1876 qui
774 1822 816 1863 hac

33 1889 191 1942 superstitione
213 1889 322 1941 laborant,
347 1889 417 1932 multa
437 1889 483 1931 sive
504 1880 673 1932 committantur
689 1890 735 1931 sive
751 1891 816 1932 omit-

31 1965 114 2013 tantur,
135 1959 219 2011 optime
235 1958 288 2000 mihi
303 1958 395 1999 indicari
412 1958 499 2000 videtur
515 1957 587 1999 verbis
603 1958 719 2000 cuiusdam
735 1959 816 2013 magis-

32 2032 102 2068 tratus
127 2027 165 2068 diu
188 2027 210 2068 in
234 2026 301 2068 indiis
325 2026 477 2069 Orientalibus
499 2027 586 2077 versati,
608 2026 646 2081 qui
667 2027 694 2068 de
718 2039 743 2067 se
766 2026 815 2079 ipso

31 2094 104 2137 fausta
121 2108 172 2137 cum
189 2095 290 2147 dixisset,
306 2095 352 2136 ima
368 2108 459 2136 mensae
475 2100 539 2148 parte
552 2095 625 2149 digitis
634 2093 711 2136 leviter
719 2093 783 2147 pulsa
791 2091 814 2147 ¹),

31 2163 118 2206 solebat
134 2164 219 2206 dicere:
236 2163 298 2206 rideo
314 2176 369 2215 rem,
385 2162 504 2218 neglegere
519 2175 564 2204 non
581 2163 660 2204 audeo.

61 2231 126 2286 Quae
142 2232 224 2273 mentis
240 2224 356 2287 aegritudo
370 2244 415 2272 non
429 2230 492 2274 aliter
500 2244 526 2272 ac
534 2231 575 2273 flos
583 2231 674 2285 quidam
682 2231 814 2283 parasiticus

30 2302 51 2342 in
68 2301 127 2342 sanis
143 2313 232 2355 quoque
247 2313 321 2341 rerum
337 2300 461 2342 divinarum
478 2300 556 2342 ritibus
564 2299 623 2341 haud
632 2313 682 2341 raro
690 2299 815 2341 luxuriatur

30 2375 98 2422 atque
114 2375 234 2423 grassatur.
251 2367 320 2410 Cuius
336 2368 368 2409 rei
385 2368 515 2421 exemplum
524 2368 666 2409 notissimum
675 2367 689 2408 ii
697 2368 813 2420 praebent,

30 2437 68 2490 qui
84 2437 152 2479 animi
167 2437 287 2491 angoribus
304 2436 398 2490 permoti
414 2436 568 2489 precationum
583 2448 649 2477 voces
657 2435 738 2477 iterum
746 2440 814 2487 atque

30 2506 112 2546 iterum
129 2511 239 2558 repetunt,
256 2517 307 2546 cum
324 2517 417 2555 errasse,
434 2504 516 2546 menda
529 2503 616 2553 fecisse,
627 2504 695 2544 verba
703 2503 812 2553 omisisse,

29 2673 82 2715 ritus,
95 2682 145 2718 quos
159 2683 210 2708 nunc
223 2672 331 2718 generatim
343 2671 379 2707 sub
392 2670 483 2716 sacrificii
492 2669 570 2705 nomine
583 2670 738 2715 complectimur,
745 2681 814 2705 omnes

29 2738 54 2763 ex
67 2740 105 2764 una
117 2729 182 2764 radice
195 2729 290 2774 ortginem
303 2729 388 2764 duxisse.

55 2783 72 2828 1)
85 2785 106 2820 ld
120 2785 174 2829 quod
187 2795 276 2820 sermone
290 2783 395 2820 vernaculo
409 2783 492 2830 ostilam
505 2794 604 2819 vocamus.
