2051 3214
96 678 188 724 Studiis
211 676 348 720 academicis
365 676 411 719 iam
424 674 497 731 fiuem
508 672 626 729 facturus,
645 675 784 719 clarissimis
799 675 868 718 meis

66 755 193 812 magistris,
214 757 296 811 quibus
316 769 383 810 accam
400 756 497 797 mmtum
514 752 538 795 iu
555 753 659 809 antiquis
675 753 760 796 litteris
776 753 855 796 addis·

67 834 143 878 ceudis
166 834 257 877 debeam
278 832 346 888 probe
368 832 420 883 scio,
445 830 531 885 diguus
550 829 646 884 gratias
658 832 739 886 palam
752 830 856 886 proferre

66 913 132 963 decet,
157 925 185 954 ue
208 910 258 954 illis
280 909 358 953 meriti
380 908 471 951 lcormris
488 906 626 961 testificatio,
644 907 703 950 rullei
717 914 855 963 acceptorum

67 990 172 1031 bonorum
187 987 312 1030 recordatio
328 987 404 1028 deesse
419 984 532 1027 uideatur.
753 1031 756 1035 ⁸
831 993 833 996 ·

100 1065 150 1108 Tibi
160 1064 303 1121 praesertim,
321 1063 358 1106 uir
372 1062 501 1106 clarissime
515 1061 659 1114 Boisseoaiu,
678 1062 703 1105 iu
718 1062 856 1117 cuiusprae-

68 1143 200 1187 lectiouilus
223 1142 292 1184 aciem
317 1148 338 1183 et
361 1154 454 1183 acumem
478 1139 572 1195 iugeuii,
594 1140 740 1195 perspicacem
764 1140 858 1183 doceudi

67 1220 178 1273 ratiouem
194 1226 281 1274 semper
295 1232 346 1261 sum
360 1217 498 1267 admiratus,
514 1216 629 1271 imprimis
638 1217 734 1271 gratias
742 1213 856 1272 ageudum

68 1303 102 1338 est
112 1303 154 1352 pro
170 1296 329 1347 bercevoleutia,
343 1294 467 1350 patieutia,
483 1293 606 1336 sedulitate
620 1293 744 1348 iudesessu,
754 1294 857 1338 masiliis

68 1372 253 1429 sapientissimis,
277 1373 359 1428 arcibus
374 1371 433 1415 laroc
448 1385 520 1414 meam
537 1371 728 1414 elucubratiouem
745 1386 768 1414 es
780 1379 856 1427 prose-

68 1456 140 1501 cutus,
165 1464 233 1505 quom
256 1464 285 1493 ea
300 1449 436 1506 vespertiuis
452 1449 501 1492 illis
517 1448 657 1491 sermouibus
675 1448 739 1491 iutra
751 1450 857 1505 privatos

69 1532 120 1569 tuos
130 1527 232 1582 parietes
233 1527 334 1582 primam
343 1541 409 1570 suam
418 1526 514 1569 decuisse
522 1525 632 1581 oregiuem
641 1526 736 1569 lileuter
741 1526 856 1581 profiteor.

99 1604 201 1659 Magoras
224 1605 292 1647 etiam
310 1604 352 1647 tili
363 1604 458 1660 gratias
474 1604 548 1655 liabeo,
565 1604 603 1647 vir
617 1604 746 1647 clarissimae
762 1603 855 1659 Km'pm,

70 1694 113 1723 uou
129 1682 192 1723 ircodo
207 1682 267 1737 quod
281 1681 331 1724 driu
342 1681 501 1737 peritissimus
517 1687 539 1723 et
553 1681 664 1736 magister
679 1681 858 1736 leucguissimus

71 1757 95 1799 iu
111 1758 195 1801 litteris
213 1756 306 1801 Graecis
318 1765 360 1813 per
376 1772 438 1801 oruue
451 1757 579 1801 studiorum
588 1758 727 1801 curriculum
736 1757 856 1808 exstitisti,

69 1835 110 1877 sed
126 1835 150 1877 iu
162 1835 248 1890 primis
259 1843 332 1892 grata
348 1836 451 1878 recordor
466 1840 538 1877 meme
553 1840 575 1876 et
589 1835 727 1886 recordabor,
739 1841 759 1876 te
772 1836 857 1878 lamere-

71 1911 139 1954 tabili
153 1913 267 1956 saevieute
282 1914 337 1957 bello
348 1913 428 1956 ceteris
441 1911 600 1967 deficieutibus
612 1912 808 1963 coumu'litouibus‚
815 1919 858 1968 per

71 1994 140 2031 totum
156 2004 242 2032 arricum
259 1990 283 2033 iu
299 1990 344 2033 ulei
358 1990 431 2033 solius
448 1989 614 2032 iustitutioucm
632 1989 721 2045 iugeuii
733 1989 799 2042 vires,
810 1991 858 2032 doc-

72 2066 146 2109 triuae
161 2067 243 2122 copias,
262 2074 283 2110 et
294 2068 480 2122 velutipateruos
489 2066 585 2121 affectus
593 2073 723 2109 coustauter
730 2067 858 2110 coutulisse.

105 2143 196 2187 Utiuam
219 2145 255 2187 leit
270 2159 354 2200 quoque
371 2144 418 2196 tibi,
436 2144 518 2199 optimo
534 2157 579 2186 meo
596 2144 707 2199 magistro
723 2142 789 2194 Beck,
808 2144 858 2187 m'vo

67 2219 163 2271 gratias
186 2234 253 2276 agere
272 2221 362 2264 liceret!
377 2221 446 2275 Quem
462 2220 568 2277 guarcium
584 2221 679 2264 mortali
693 2221 742 2263 uita
759 2220 806 2263 iam
822 2222 858 2263 de-

67 2293 175 2346 fuuetum
191 2311 265 2340 corum
282 2298 368 2353 alloqui
383 2311 427 2340 uou
439 2304 568 2352 possamus,
584 2297 697 2352 reliquum
713 2304 752 2348 est,
769 2304 860 2354 octauae

72 2373 104 2414 ad
115 2372 180 2427 piam
198 2381 260 2416 tetam
276 2374 405 2418 ucemcriam
422 2373 447 2416 iu
458 2372 544 2428 fuuem
559 2388 609 2416 sum
626 2375 720 2425 locutus,
735 2374 860 2429 lzicpaucis

71 2456 176 2504 repetam.
206 2450 259 2493 Vere
279 2451 367 2493 amicus
378 2450 455 2504 flcisti
469 2450 587 2502 studiosis,
605 2452 723 2506 eaeruplar
738 2452 823 2494 laboris
839 2459 861 2494 et

72 2525 212 2580 diligeutiae.
230 2527 309 2570 Verum
325 2528 350 2570 iu
367 2534 428 2570 terra
444 2535 531 2583 semper
545 2527 682 2583 aicaesiuisti
688 2541 694 2578 ;
705 2528 777 2582 ,fauit
788 2529 857 2580 Deus,

73 2609 99 2644 ut
113 2610 202 2647 aeterua
222 2604 332 2647 Veritatis
347 2606 418 2648 Foute
429 2611 537 2660 perpetuo
548 2605 652 2659 fruaris.

103 2679 182 2736 Neque
194 2680 232 2722 lcoc
248 2682 291 2723 loco
308 2688 328 2723 te
337 2681 538 2736 praetermiserim,
553 2682 590 2724 vir
598 2682 726 2725 clarissime
734 2683 784 2733 Sia,
794 2683 860 2725 citius

69 2757 231 2809 praelectiones
243 2764 316 2812 grata
332 2764 404 2800 memte
419 2764 506 2813 semper
520 2759 628 2801 recordor.
646 2759 706 2813 Quos
722 2761 809 2803 labores
818 2766 861 2815 per
