2051 3214
438 117 480 158 139

126 251 194 287 reete:
210 243 268 287 itast
282 250 308 286 nt
323 240 446 296 obsignavi.
463 265 492 272 m
507 256 588 298 quaese
602 240 658 296 quire
672 246 696 281 tn
705 239 780 281 istane
789 239 851 281 iubes

123 318 165 367 pro
181 313 263 355 cerrita
279 309 441 365 circumferri?
455 338 482 344 —
499 310 575 365 edepol
588 309 628 364 qui
638 307 706 363 seete
724 311 754 349 'st
767 314 835 363 epus:

127 395 179 422 euni
195 380 247 422 laer
262 380 352 436 quidem
369 379 445 433 edepol
459 380 577 421 larvarum
591 380 692 433 perirest.

67 481 208 535 Quibuscum
231 481 335 525 conferas
359 480 460 523 Servium
485 481 512 522 ad
529 479 613 535 Vergil.
629 478 685 521 Aere.
702 478 732 520 Vl
749 479 793 521 229
808 478 851 520 eir-

67 549 183 592 eumtulit:
196 550 320 605 pergenit;
337 549 456 604 nntr'qurrrrr
473 549 562 591 verbnm
579 553 617 589 est.
632 547 851 600 minuerentur-

67 624 118 660 onto
142 624 162 659 te
184 618 355 672 circurrrserarri',
381 617 408 658 iel
429 624 468 667 est,
491 616 594 671 purgabo
600 628 607 665 ;
631 628 684 656 errem
708 614 816 657 irertrertie
837 628 850 655 a

67 686 236 729 circumlatione
256 687 319 729 dicta
340 692 378 737 est,
397 687 432 728 uel
447 686 532 736 taedere,
550 686 586 727 uel
601 683 706 725 victimer
722 683 746 725 ire
761 682 852 738 quibas-

67 755 127 805 dnrrr,
151 756 187 797 vel
207 754 334 810 recipieris.
357 754 407 807 Ipsa
431 760 506 795 autem
521 752 594 795 insani
609 751 711 794 lustratio
727 752 852 806 generatim

66 822 133 864 fiebat
149 824 229 876 porcis,
246 823 275 865 ci.
291 822 362 864 Plaut.
380 822 439 863 Meri.
457 823 501 864 289
517 835 550 876 sq.

126 916 259 967 adolescens,
276 915 357 971 quibus
372 914 407 957 liic
420 914 516 969 pretieis
527 913 592 969 porei
607 913 703 956 venirent

125 997 200 1026 sacres
215 984 317 1026 sirreeril
375 983 490 1025 eirenen,
508 1006 537 1013 —
553 995 669 1026 eriminum
685 995 700 1023 n
716 994 749 1022 rire
764 979 851 1035 ocei‘pe:

126 1051 177 1093 iube
193 1058 213 1093 te
225 1052 292 1106 piari
306 1052 334 1093 de
349 1065 398 1093 ruere
410 1051 515 1106 pecunia,

127 1133 179 1176 rrum
196 1119 295 1174 equidem
312 1120 419 1161 insererent
435 1133 482 1161 esse
499 1125 519 1160 te
534 1124 591 1179 certe
606 1113 685 1173 sc2‘01).

69 1212 120 1266 Quo
135 1219 237 1266 ternpore
252 1226 305 1255 vero
321 1212 417 1255 furiosus
430 1212 572 1262 lustrabatur,
587 1210 777 1253 incantationibus
785 1208 851 1251 simul

69 1280 191 1334 placandus
215 1287 270 1332 erat,
294 1280 322 1323 cf.
346 1281 405 1323 Fest.
428 1281 451 1323 M
474 1282 518 1323 213
542 1280 561 1322 L
585 1279 629 1321 232
647 1277 714 1333 piari
734 1291 769 1319 ees
790 1278 853 1319 netur

64 1349 154 1403 proprio
177 1350 247 1400 verbo,
271 1349 307 1391 air
333 1349 429 1400 Verrius,
453 1348 590 1404 eripuerim
606 1345 781 1397 sinemurum,
799 1358 849 1386 curn

68 1416 150 1458 meritis
165 1430 220 1458 suae
236 1430 280 1459 nore
294 1424 354 1467 sunt,
368 1423 410 1471 per
425 1417 536 1472 querelem
553 1416 619 1458 verba
635 1415 762 1457 liberantur
771 1413 860 1455 inerm'

68 1485 130 1526 mode
139 1481 163 1541 2).

96 1620 277 1663 Lustrationibus
299 1621 366 1676 igitur
390 1635 447 1676 quae
471 1622 647 1663 commemoravi
669 1620 775 1663 omnibus
791 1632 850 1661 com-

67 1688 141 1730 munis
162 1695 196 1731 est
217 1689 322 1733 circuitio.
340 1689 417 1731 Finem
434 1697 510 1732 autem
526 1690 591 1731 huius
607 1690 743 1731 circuitionis
767 1701 850 1729 aver·

67 1769 99 1797 ru
107 1770 121 1797 n
131 1757 216 1799 catio
225 1771 239 1799 n
249 1771 291 1799 em
313 1758 434 1811 quamdam
458 1758 534 1809 fuisse,
551 1771 595 1811 qua
611 1757 775 1811 depellerentur
791 1755 851 1797 mala

67 1825 135 1866 noxia
158 1826 189 1867 rei
212 1825 341 1868 lustrandae
365 1827 411 1867 sive
435 1826 576 1868 extrinsecus
600 1826 647 1867 sive
662 1826 797 1867 intrinsecus
812 1825 850 1866 ad-

15 1885 17 1889 ’
66 1892 186 1945 haerentia,
210 1894 285 1936 multis
305 1895 413 1947 probatur
429 1894 564 1937 testimoniis
575 1890 599 1950 3).
616 1894 733 1948 Optimum
749 1893 850 1935 testimo-

68 1996 165 2003 ἡ*

90 2049 107 2096 1)
121 2051 150 2087 ct
163 2052 221 2089 etiam
233 2063 311 2088 versum
324 2056 357 2087 517
372 2057 391 2088 et
403 2053 458 2089 Varr.
471 2052 493 2087 de
505 2063 521 2088 r.
535 2063 551 2087 r.
565 2054 581 2088 ΙΙ
595 2057 611 2089 4.
625 2055 653 2089 16.

89 2106 107 2151 2)
119 2107 188 2144 Utrum
206 2109 264 2155 igitur
279 2107 335 2154 prere
354 2109 441 2143 insanare
457 2109 554 2155 significet
570 2108 660 2154 primarie
670 2108 749 2154 plaeere
762 2108 850 2143 insenum

66 2174 90 2198 an
103 2163 189 2207 lustrare,
203 2165 285 2201 dubium
298 2170 333 2201 est,
348 2164 454 2210 Compares
468 2176 519 2211 quae
533 2164 573 2201 dixi
586 2176 604 2210 p.
619 2169 641 2200 11
655 2170 675 2201 et
688 2168 715 2200 12.
822 2212 823 2215 Ἰ

22 2229 24 2232 ’
89 2217 107 2262 3)
120 2219 219 2264 Deubner,
232 2221 288 2256 Arei.
297 2216 482 2267 f'Religiererwirr,
495 2221 547 2265 XVI,
561 2232 579 2267 p,
593 2224 626 2257 127
634 2232 663 2267 sq.
676 2222 715 2257 vim
729 2222 850 2257 circuitionis

66 2275 122 2310 nimis
140 2278 239 2323 restringit
258 2278 282 2313 ad
301 2277 416 2323 depellenda
435 2279 477 2314 sola
494 2279 544 2314 mala
563 2283 686 2314 externa.
705 2278 782 2321 Iniuria,
799 2278 850 2313 sicut

66 2335 119 2376 patet
139 2343 149 2367 e
167 2332 285 2369 testimoniis
304 2345 363 2379 supra
381 2334 400 2368 in
419 2338 476 2370 textu
495 2335 564 2371 arratis,
580 2335 644 2370 Etiam
660 2334 744 2369 rusticae
757 2333 801 2369 illae
814 2334 850 2369 cir-

66 2386 167 2432 curiones,
186 2389 209 2424 de
229 2390 299 2434 quibus
317 2390 364 2425 Plin.
382 2390 408 2423 N.
421 2390 448 2426 H.
464 2390 518 2426 XVII
531 2392 566 2425 266
579 2395 599 2426 et
611 2390 693 2425 XXVIII
707 2393 735 2432 78,
749 2388 849 2425 Columell.

65 2443 82 2476 X
95 2446 129 2478 357
149 2450 169 2480 et
186 2444 213 2480 XI
226 2448 242 2479 3.
256 2448 284 2487 64,
304 2446 374 2483 Pallad.
388 2446 395 2481 Ι
409 2449 437 2481 35.
451 2450 467 2489 3,
482 2457 492 2481 e
507 2446 589 2483 Graecia
601 2446 648 2482 licet
660 2447 734 2482 ducant
747 2446 850 2492 originem,

66 2500 171 2545 praecipue
182 2501 287 2537 intendunt
299 2502 436 2538 liberationem
449 2514 460 2538 a
473 2503 527 2538 malis
540 2503 626 2544 internis,
638 2502 662 2538 cf.
671 2502 751 2546 Eitrem,
763 2501 850 2548 opserri-

65 2558 94 2590 res
106 2565 124 2591 rr,
143 2556 233 2603 Vorepfer
245 2557 278 2592 der
290 2557 323 2593 Gr.
336 2569 354 2593 rr,
368 2558 426 2603 rere,
439 2571 457 2605 p.
472 2563 499 2594 14Δ
519 2557 568 2605 Illud
581 2570 660 2604 quoque
673 2559 782 2595 notandum
796 2564 826 2594 est
839 2570 849 2594 a

65 2613 110 2647 viris
122 2613 190 2649 doctis*
199 2624 239 2649 non
252 2615 298 2650 satis
311 2614 403 2660 distingui
413 2614 564 2661 purificationem
576 2620 595 2650 et
605 2614 777 2649 auerrrencrrtr'errem
784 2613 850 2648 neeriae

65 2666 161 2710 inturrrae;
177 2670 228 2714 prior
241 2670 293 2706 enim
306 2670 333 2705 rei
346 2673 376 2705 est
389 2676 448 2716 prout
461 2671 574 2713 maculatae,
588 2671 648 2707 altera
661 2676 720 2716 prout
732 2671 850 2706 intrinsecus

65 2725 155 2770 periculis
167 2726 270 2761 obnoxiae.
285 2726 436 2771 Nonnumquam
449 2731 567 2762 concurrant
578 2726 624 2763 lIcet
635 2722 849 2770 caeremoniae,tamen

64 2781 215 2827 distinguendae
227 2787 277 2819 sunt.
