2051 3214
549 144 577 188 82

174 271 259 324 ciam,
283 271 330 314 aliis
347 271 431 313 verbis:
455 270 529 313 dolo
553 270 640 313 malo.
662 270 779 313 Eiusmodi
794 277 869 314 autem
886 278 953 314 teme·
1001 304 1004 308 ἢ

173 342 265 383 meritas
282 347 305 383 et
320 340 413 382 audacia
424 340 597 394 apudantiquos
611 340 739 393 expiari
755 353 815 381 non
831 347 953 394 potest;

174 416 197 452 at
213 410 274 464 quod
289 410 359 451 iustas
375 409 405 450 ob
422 420 500 450 causas
517 414 596 450 contra
612 408 683 462 legem
700 407 845 450 commissum
862 415 903 460 est,
917 421 954 465 ge-

174 479 269 527 neratim
285 477 403 532 piaculo
417 476 511 519 'sanetur
528 483 624 530 oportet.
640 476 707 530 Quod
716 475 829 529 piaculum
837 478 907 520 modo
915 478 957 519 iuri

174 547 235 590 laeso
258 546 483 590 antecessisse
504 547 573 588 modo
595 545 802 588 successisse
822 546 954 588 videbimus.
1024 548 1026 551 '

175 615 249 670 Quare
264 616 325 669 prius
341 614 406 657 nobis
420 614 461 656 erit
470 614 628 667 disputandum
638 615 666 656 de
675 613 864 668 irceupiabilitata
874 615 956 657 deinde

175 686 203 727 de
222 684 325 739 piaculis
346 684 418 739 operis
434 682 542 736 faciendi
560 696 618 738 quae
633 689 713 725 vocant
729 690 751 725 et
767 683 840 739 operis
852 683 955 738 perfecti.
1024 697 1025 700 ¹

174 753 294 795 Inserenda
316 754 407 806 insuper
430 751 539 806 quaedam
564 759 627 795 erunt
651 752 679 793 de
703 752 836 805 quibusdam
855 752 956 807 piaculis

175 820 316 863 intermediis
330 820 401 875 speeie
416 825 505 861 tantum
521 819 584 861 sacri
598 820 647 863 dolo
663 821 722 863 riculo
737 820 856 863 commissi.

428 971 443 1004 1.
453 1007 454 1010 Ἴ
470 977 497 1004 DE
513 976 704 1005 INEXPIABILITATE.

177 1159 262 1214 legibus
291 1159 372 1213 impius
400 1158 516 1200 habendus
545 1164 590 1209 est;
619 1158 735 1211 impius
764 1165 838 1200 autem
868 1158 955 1201 nullo

176 1229 267 1270 modo
289 1226 417 1281 expiari
441 1225 676 1280 etaculpaliberari
698 1233 817 1280 potest.

204 1295 265 1338 Dura
288 1295 331 1347 lex,
356 1307 423 1349 quarn
446 1301 521 1336 tamen
543 1307 619 1336 revera
635 1295 748 1337 exstitisse
764 1295 816 1337 iuris
832 1295 955 1349 peritorum

175 1365 292 1418 perspicue
316 1365 472 1406 demonstrant
496 1375 611 1416 responsa,
627 1362 656 1404 cf.
671 1362 769 1405 Macrob.
786 1363 834 1405 Sat.
851 1362 859 1404 Ι
877 1363 911 1405 16.
929 1363 956 1404 10

177 1431 348 1486 adfirmabatur
370 1444 426 1481 cuni,
450 1430 491 1486 qai
513 1431 598 1474 talilns
620 1430 699 1473 diebus
719 1428 808 1487 (festis)
825 1431 956 1485 imprudens

178 1499 268 1555 aliquid
296 1500 384 1554 egisset,
406 1505 476 1554 ,porco
501 1499 617 1553 piaculum
641 1499 697 1541 dare
720 1499 801 1550 debere,
823 1500 956 1554 prudentem

176 1568 270 1622 eripiare
300 1581 344 1609 nou
371 1573 439 1621 posse
467 1567 574 1609 Scaevola
598 1566 706 1621 pontifex
732 1568 893 1617 adseuerabat;
916 1567 957 1608 sed
1024 1556 1026 1596 Ϊ

180 1635 258 1679 Umbro
281 1641 351 1690 negat
371 1649 421 1677 enm
441 1635 521 1689 pollui,
545 1634 585 1690 qui
605 1641 659 1689 opus
674 1636 716 1684 *vel
727 1636 759 1677 ad
774 1636 825 1677 deos
837 1635 954 1690 pertinens
990 1647 993 1659 ·

176 1716 318 1746 summumve
340 1716 410 1745 causa
429 1701 528 1755 fecisset,
554 1704 590 1745 uel
609 1702 699 1757 aliquid
718 1704 750 1745 ad
765 1711 879 1758 urgentem
896 1703 956 1746 vitae

176 1772 298 1814 utilitatem
321 1771 443 1826 respiciens
464 1770 587 1813 actitasset.
610 1771 716 1814 Scaevola
731 1771 826 1827 denique
841 1773 956 1814 consultus
1024 1818 1025 1821 Ἴ

176 1840 233 1896 quid
242 1839 314 1894 feriis
329 1839 370 1893 agi
385 1839 465 1889 liceret,
483 1838 610 1893 respoudit:
625 1840 685 1894 quod
695 1839 880 1894 praetermissum
897 1852 956 1881 noce·

176 1915 222 1958 ret;
245 1908 310 1950 Varr.
334 1908 361 1949 de
384 1909 398 1949 l.
416 1908 431 1950 l.
455 1907 530 1949 V130
550 1913 643 1962 praetor
665 1908 772 1969 quitum
793 1905 838 1964 (die
858 1904 955 1963 nefasto)

172 1975 243 2030 satus
258 1982 297 2029 est,
313 1976 335 2017 si
351 1975 484 2030 imprudens
493 1974 558 2028 jecit,
572 1974 691 2029 piaculari
704 1975 779 2018 liostia
789 1975 956 2030 sactapiatnr:
1022 1978 1024 1995 ⁵

177 2043 199 2086 si
210 2044 315 2098 prudeus
330 2043 399 2095 dinil,
417 2043 449 2097 Qs
459 2043 550 2085 Mucius
566 2044 642 2086 aiebat
656 2057 705 2086 eum
721 2044 813 2099 expiari
827 2044 955 2099 utimpium

178 2125 221 2154 riou
238 2118 310 2167 posse.
320 2117 321 2120 ’
332 2110 419 2165 Quibus
436 2125 487 2153 curn
501 2113 614 2165 responsis
630 2113 692 2154 omni
708 2125 737 2153 ex
752 2120 815 2166 parte
832 2118 957 2167 congruunt

133 2221 134 2226 ,
165 2181 237 2223 uaria
260 2178 374 2222 Ciceronis
395 2180 535 2223 testimonia:
557 2180 585 2221 de
600 2181 641 2235 leg.
657 2180 666 2221 Ι
681 2181 711 2223 40
726 2182 832 2223 scelerum
849 2180 873 2223 in
888 2179 956 2222 lorici-

177 2262 216 2291 ues
239 2254 305 2302 atque
328 2247 470 2302 impietatum
491 2249 557 2290 nulla
576 2248 675 2302 expiatio
691 2254 736 2298 est;
752 2249 769 2290 ii
785 2249 813 2290 22
830 2248 915 2303 impius
931 2261 957 2289 ne

177 2317 257 2359 andelo
277 2317 371 2370 placare
393 2317 459 2358 donis
480 2315 539 2358 iram
555 2317 658 2367 deornm;
674 2317 735 2358 1122
752 2330 841 2359 sacrum
857 2315 956 2358 commis-
984 2316 986 2324 ’

177 2398 234 2435 sum,
258 2384 317 2439 quod
340 2397 408 2438 nequae
431 2383 524 2438 expiari
543 2384 631 2439 poterit,
655 2384 722 2440 impie
742 2385 883 2426 commissum
900 2390 956 2433 esto;

177 2453 236 2507 qnod
263 2450 355 2505 expiari
378 2451 468 2506 poterit,
494 2451 583 2505 publici
605 2452 730 2494 sacerdotes
752 2452 864 2507 capiunto,
889 2465 956 2507 quam

177 2522 250 2575 legem
273 2520 321 2573 ipse
344 2520 429 2562 Tullius
450 2519 548 2574 explicat
567 2520 585 2561 H
601 2520 629 2562 37
642 2519 748 2574 publicus
764 2526 837 2562 autem
853 2520 957 2561 sacerdos
1020 2550 1026 2565 ‚

179 2588 354 2643 imprudentiam
375 2588 467 2630 consilio
487 2588 603 2643 expiatam
620 2595 679 2630 mem
695 2588 777 2640 liberet,
795 2588 916 2631 audaciam
932 2588 956 2629 in

177 2656 326 2699 admittendis
333 2656 480 2711 religionibus
483 2654 561 2709 foedis
570 2656 735 2711 damnataeque
743 2652 955 2711 impiamiudicefl).

202 2808 220 2852 1)
233 2805 261 2841 ef.
275 2811 294 2841 et
307 2806 394 2842 Lactant.
407 2805 432 2840 D.
446 2806 462 2841 l.
477 2805 501 2841 VI
514 2808 536 2841 24
549 2805 582 2851 (VI
595 2808 629 2840 722
642 2805 667 2847 M)
681 2816 712 2840 nec
725 2808 785 2840 laruen
798 2804 872 2851 deficiat
883 2805 955 2851 aliquis,
