2051 3214
299 465 391 509 INDEX
407 465 545 509 CAPITUM.

31 638 138 675 Punuunmo

33 686 187 771 CnuurPPumun¹
200 688 230 724 De
243 688 298 723 vocis
311 686 382 733 piaculi
395 689 414 723 ui
428 693 487 734 atque
500 687 643 734 significatione
671 713 675 722 .
727 715 731 723 .

68 740 85 771 1,
112 736 142 772 ius

68 787 84 818 2.
97 783 169 829 Impius
190 809 730 822 ...........

68 835 84 866 31
96 832 160 867 Pietas
189 856 730 870 ...........
804 837 814 868 8

67 883 83 915 4.
96 880 186 924 Impietas

68 929 84 962 5.
97 927 152 963 Piare
165 932 185 963 et
198 928 277 972 expiare
297 953 730 964 .........
792 933 814 965 10

67 977 83 1010 6.
97 976 179 1021 impiare
191 1000 730 1012 ...........
791 981 815 1013 21

68 1027 84 1057 7.
97 1023 192 1060 Piabilis.
244 1049 248 1058 .
297 1049 301 1057 .
347 1065 352 1075 Υ
351 1048 730 1060 ........
791 1028 815 1061 22

67 1074 84 1105 8.
96 1070 221 1116 inexpiabilis
245 1096 730 1109 ..........
791 1076 814 1108 22

67 1122 83 1155 9.
96 1119 158 1155 Piatio
171 1124 191 1155 et
203 1119 290 1164 expiatio
297 1145 729 1155 ..........
791 1124 814 1156 23

55 1169 84 1202 10.
96 1166 181 1210 Piamem
194 1168 319 1212 piamentum,
332 1167 478 1212 expiamentum
510 1192 729 1205 .....
791 1172 814 1204 24

56 1218 83 1249 11.
96 1214 166 1258 Plator,
180 1216 275 1260 expiator,
287 1215 365 1260 piatrix,
379 1215 476 1260 expiatrix
511 1240 730 1251 .....
791 1218 814 1252 25

56 1265 83 1297 12.
97 1263 222 1307 Expiatorius
244 1288 729 1299 ..........
791 1266 813 1299 26

55 1314 83 1347 13,
96 1311 195 1347 Piaculum

55 1362 83 1393 14.
96 1358 200 1395 Piacularis

56 1405 161 1442 Conclusio
187 1431 729 1443 ...........

30 1453 93 1489 Carnu
105 1455 202 1490 Anunnnn,
215 1453 245 1489 De
258 1454 316 1489 variis
329 1454 450 1497 piaculorum
464 1453 568 1499 generibus
617 1482 621 1490 .
671 1482 675 1490 .
724 1483 728 1491 .
790 1458 813 1491 38

53 1502 116 1537 Pars
135 1502 218 1538 Prior.
238 1503 268 1537 De
287 1501 365 1546 piaculo
385 1502 434 1537 sacri
448 1503 472 1537 ab
486 1503 609 1547 imprudente
623 1500 663 1535 sive
677 1512 730 1537 com-

77 1550 130 1585 missi
142 1551 184 1586 sive
197 1548 332 1585 committendi
351 1574 728 1587 ,,,,,,,,
789 1554 812 1585 38

78 1601 93 1635 1.
107 1598 136 1633 De
149 1598 227 1643 piaculo
240 1597 338 1632 commissi
349 1621 727 1635 ........
790 1602 813 1635 39

77 1648 94 1681 2.
107 1646 137 1681 De
149 1646 213 1681 hostia
226 1646 343 1681 succidanea
356 1649 376 1680 et
389 1646 530 1681 instauratione
563 1674 567 1682 .
827 1655 828 1658 ’

76 1697 93 1730 3.
106 1693 136 1729 De
148 1694 212 1729 hostia
225 1694 354 1738 praecidanea

52 1741 115 1776 Pars
133 1742 233 1777 Altera,
253 1742 283 1776 De
302 1740 381 1786 piaculo
399 1741 449 1776 sacri
469 1751 479 1776 a
498 1741 596 1785 prudente
615 1740 657 1774 siue
676 1752 735 1776 com--

75 1789 129 1824 missi
141 1791 182 1825 sive
195 1789 330 1824 committendi
347 1814 726 1826 ........
788 1793 811 1824 81

77 1841 92 1872 1,
106 1837 136 1872 De
148 1837 303 1881 inexpiabilitate
346 1862 726 1873 ........
788 1840 810 1872 82

76 1887 93 1921 2,
105 1885 136 1920 De
155 1884 272 1930 quibusdam
290 1884 372 1930 piaculis
391 1884 439 1919 sacri
452 1883 519 1929 specie
530 1894 569 1918 non
583 1894 604 1918 re
617 1880 663 1917 dolo
677 1884 727 1920 malo

106 1943 205 1968 commissi

76 1984 92 2016 3.
106 1981 136 2016 De
148 1980 230 2025 piaculis
243 1981 308 2026 operis
322 1979 406 2015 faciendi
419 1979 524 2025 operisque
537 1979 620 2025 perlecti
670 2009 674 2017 .
723 2008 727 2016 .

105 2039 121 2064 a.
135 2028 165 2064 De
178 2029 256 2074 piaculo
270 2028 336 2074 operis
348 2026 433 2063 faciendi
455 2052 727 2066 ......

105 2076 123 2111 b.
137 2076 167 2112 De
179 2077 258 2121 piaculo
271 2077 336 2122 operis
349 2074 432 2120 perlecti
455 2102 727 2114 ......
777 2079 811 2111 105

52 2123 156 2159 Conclusio
188 2147 727 2162 ...........
777 2127 811 2159 113

27 2171 90 2207 Ciam
103 2171 194 2207 Tanarum.
208 2172 238 2207 De
251 2171 372 2218 piaculorum
384 2175 453 2207 natura
466 2181 488 2206 ac
501 2171 652 2216 proprietatibus
669 2199 674 2208 .
723 2199 727 2207 .
776 2174 811 2206 115
843 2212 845 2214 v

75 2223 91 2254 1.
104 2219 134 2254 De
147 2220 267 2264 piaculorum
280 2219 400 2264 obligatione
401 2243 727 2256 .......
776 2222 811 2254 115

74 2270 92 2301 2.
104 2266 134 2302 De
148 2266 269 2312 piaculorum
282 2268 357 2313 origine
400 2292 726 2304 .......
776 2269 811 2302 120

75 2319 90 2350 3.
104 2314 134 2350 De
147 2315 283 2351 lustrationum
297 2319 316 2350 et
328 2313 450 2359 piaculorum
463 2314 572 2349 discrimine
614 2343 618 2351 ,
668 2343 671 2350 ,
721 2343 725 2351 .
776 2318 810 2350 135

104 2374 120 2398 a
133 2363 163 2397 De
175 2363 322 2398 lustrationibus
335 2361 453 2407 purgatoriis
455 2386 725 2399 ......
775 2366 811 2397 135

103 2409 121 2445 b.
135 2411 165 2446 De
178 2409 325 2446 lustrationibus
338 2408 511 2445 averruncantibus
560 2437 563 2445 .
613 2439 617 2446 .
667 2438 671 2446 .
721 2438 725 2446 .
776 2412 810 2445 136

74 2461 91 2493 4.
104 2458 134 2493 De
147 2459 306 2503 procurationum
319 2461 339 2493 et
351 2457 470 2503 piaculorum
483 2457 594 2493 discrimine
613 2486 617 2494 ,
667 2486 671 2493 .
721 2487 725 2494 .
774 2461 809 2493 142

51 2505 156 2542 Conclusio
186 2533 189 2542 .
238 2535 243 2543 .
293 2533 297 2541 .
347 2514 351 2523 ·
400 2514 404 2523 “
454 2514 458 2522 ·
507 2515 512 2523 ’
561 2533 566 2541 .
615 2534 619 2542 .
722 2534 725 2542 .
775 2509 810 2541 148

27 2553 97 2589 Ossnrs
110 2552 215 2589 Coucnnsio
238 2579 725 2590 ..........
775 2556 810 2590 149
868 2565 869 2568 ’

27 2600 260 2636 Cousrncrusanouun
292 2628 564 2638 ......
586 2594 617 2636 ¹.
667 2630 671 2637 .
721 2630 725 2637 ,
775 2603 810 2636 154

24 2649 84 2684 quux
98 2649 183 2685 Curicum
