2051 3214
550 156 579 198 52

172 280 295 325 interfecta.
319 281 407 325 Piaculo
431 282 550 325 coniuncta
574 289 621 326 erat
644 283 754 325 lustrandi
777 283 869 338 quidam
893 284 955 334 ritus,

173 364 223 393 curn
240 351 363 404 expiandus
380 351 509 393 mittebatur
524 351 566 393 sub
582 351 674 407 tigillum
685 348 708 408 ¹).

201 419 345 474 Reipublicae
367 417 454 472 piacula
477 431 503 460 ea
526 426 590 462 erant
613 432 671 473 quae
687 420 745 473 apud
760 416 827 467 nitur
843 417 957 471 Φερεντίνην

173 494 242 531 sttatu
243 488 261 530 is
277 487 415 540 temporibus
431 486 460 528 ob
476 486 534 541 legat
536 501 561 529 os
578 487 630 530 olim
647 488 735 530 occisos
750 488 798 529 fieri
813 489 957 530 consuevisse

173 556 318 598 memoriaet
310 555 400 598 tradidit
417 544 546 597 Plutarchus
562 556 624 600 Rom
641 557 677 598 24.
693 556 781 610 Quodsi
796 570 875 599 vocem
891 554 957 604 nilum

173 625 229 667 ab
224 638 272 678 ipso
295 622 412 666 Plutarcho
436 624 541 678 scriptam
566 638 616 666 esse
639 625 732 675 iudicas,
754 637 796 666 nec
817 632 891 678 porus
908 621 957 673 ὅλην

173 693 234 747 quod
256 692 340 734 Becker
362 691 473 746 proponit,
498 692 551 733 satis
568 692 673 734 credibile
689 699 723 734 est
743 693 829 746 piacula
845 708 858 735 a
873 693 957 736 Plutar-

174 762 215 803 cho
231 766 407 803 commemorata
423 761 502 801 eadem
516 774 566 801 esse
579 767 646 814 atque
655 774 680 802 ea
689 762 717 803 de
726 760 805 815 quibus
814 761 874 805 Paul.
882 761 905 803 llll
913 762 956 803 212

173 830 193 871 L
206 829 262 872 235:
267 827 397 883 piacularis
409 834 477 883 portu
493 828 577 870 Rutilae
592 828 654 871 dicta
666 835 758 884 propter
771 829 849 885 aliqua
854 829 955 884 piacula,

173 911 230 953 quae
252 897 334 940 ibidem
354 897 451 950 fiebant.
475 896 594 939 Ferentino
617 905 692 942 autern
718 905 740 940 et
756 897 864 940 Horatiae
884 898 957 952 gentis

174 966 280 1009 sacrificia
300 966 421 1020 placatoria
436 965 495 1007 haud
512 965 609 1007 multum.
622 967 680 1008 inter
696 979 721 1008 se
737 968 871 1020 discrepare,
888 966 957 1007 mani-

175 1034 258 1077 festum
282 1041 327 1076 est:
352 1035 470 1088 utrobique
494 1035 552 1075 enirn
571 1034 620 1076 ‘iere
642 1035 720 1076 eadem
737 1041 771 1076 est
786 1048 854 1076 causa
870 1032 956 1088 piaculi.

174 1103 229 1145 lllud
250 1109 337 1145 tantum
353 1103 410 1144 bene
426 1103 548 1158 tenendum
565 1109 605 1152 est,
623 1109 672 1155 tum¹
686 1102 805 1144 Ferentina
821 1109 869 1144 tum
884 1103 957 1157 gentis

174 1171 280 1213 Horatiae
304 1170 397 1224 piacula,
421 1176 487 1224 prout
510 1171 583 1225 gentis
605 1177 668 1212 erant
684 1177 706 1213 et
722 1170 863 1225 reipublicae,
880 1184 957 1212 revera

176 1239 244 1281 luisse
259 1238 345 1293 piacula
361 1239 418 1280 sacri
434 1239 461 1279 ab
477 1239 547 1280 inscio
565 1240 688 1281 commissi.¹

202 1308 261 1349 Inter
284 1306 350 1348 ferias
371 1305 492 1360 piaculares
507 1303 587 1348 Parilia
602 1320 691 1360 quoque
706 1305 810 1349 habenda
825 1312 884 1357 sunt,
900 1319 957 1361 quae

174 1376 297 1431 agebantur
320 1388 333 1415 a
348 1374 474 1427 pastoribus
491 1374 526 1415 die
542 1374 569 1415 21
588 1374 671 1416 mensis
686 1374 775 1427 Aprilis,
792 1388 843 1416 curn
859 1374 956 1415 hibernis

176 1443 269 1498 ovilibus
285 1443 372 1493 relictis,
382 1443 403 1483 in
412 1441 470 1484 silvis
478 1444 558 1484 iterum
564 1442 668 1501 >molliora
676 1449 834 1497 quaererentur
842 1455 925 1496 pascua
931 1438 956 1498 ³).

176 1512 317 1567 Quamquam
341 1510 381 1552 viri
404 1511 464 1553 docti
483 1509 614 1565 plerumque
630 1517 723 1553 censent
737 1511 802 1566 *festa*
812 1512 867 1552 haec
882 1516 956 1564 pasto-

175 1581 228 1623 ralia
256 1579 386 1622 lustratione
414 1585 501 1621 tantum
528 1580 643 1630 contineri,
672 1592 696 1620 re
719 1580 825 1621 attentius
849 1580 956 1632 inspecta,

175 1649 241 1703 plane
264 1654 355 1702 apparet
376 1661 402 1693 ea
417 1647 497 1701 partim
513 1654 616 1689 constare
633 1661 662 1689 ex
676 1646 814 1699 lustratione,
831 1647 912 1701 partim
928 1660 957 1688 ex

175 1716 269 1772 piaculo.
284 1716 351 1758 Aliud
368 1716 427 1758 enim
443 1722 476 1757 est
491 1715 598 1766 lustratio,
617 1715 779 1770 „desinfectio”
795 1723 820 1757 ut
833 1716 863 1757 ita
877 1716 956 1766 dicam,

175 1786 260 1828 hiberni
283 1784 353 1837 ovilis,
376 1783 435 1826 aliud
458 1783 514 1825 Palis
530 1783 598 1837 piatio
614 1784 643 1825 ob
660 1797 722 1825 sacra
738 1796 777 1837 per
795 1796 878 1839 annum
895 1796 957 1836 prae-

175 1854 265 1896 teritum
289 1853 416 1895 commissa.
440 1851 474 1893 De
494 1851 630 1894 lustrationis
647 1852 690 1893 ritu
705 1852 755 1893 vide
772 1850 877 1893 Ovidium
893 1851 956 1893 Fau.

175 1920 322 1975 1V735sq.‚
346 1920 387 1963 781
405 1932 449 1975 sq.;
474 1919 697 1974 lustrabanturoves
722 1918 787 1961 ovilia
808 1920 856 1973 ipse
873 1925 956 1972 pastor,

176 2003 234 2045 aqua
262 1989 364 2043 sulphure
389 1987 451 2030 lauro
474 1988 531 2043 igne.
560 1986 623 2041 Quae
646 2000 782 2042 quamquam
806 1987 957 2047 disputatione

176 2058 305 2113 dignissima
321 2064 377 2108 sunt,
395 2063 470 2099 tamen
486 2056 646 2109 praetermitto.
663 2055 697 2097 De
712 2055 817 2109 piaculari
833 2056 891 2097 enim
906 2054 957 2096 sesti

176 2132 238 2180 parte
253 2126 317 2167 nobis
332 2124 443 2180 agendum
460 2129 500 2166 est.

206 2193 283 2235 Parilia
298 2193 425 2247 pastoribus
442 2191 505 2246 quasi
519 2192 572 2233 novi
588 2192 640 2233 anni
657 2198 708 2234 sunt
723 2191 822 2242 initium,
838 2204 890 2233 nam
898 2190 957 2232 Pari-

175 2262 228 2305 lium
245 2263 280 2305 die
295 2275 363 2316 pecus
379 2274 446 2303 omne
462 2274 490 2302 ex
505 2259 601 2302 hibernis
617 2259 710 2302 ovilibus
726 2261 849 2302 demissum
865 2271 957 2300 nemora

176 2331 256 2373 iterum
279 2331 377 2373 incursat
387 2327 409 2381 ⁴).
430 2329 498 2371 Hisce
519 2330 619 2371 versibus
641 2330 700 2371 diem
717 2329 777 2371 illurn
795 2328 893 2371 celebrat
909 2326 958 2370 Cal-

176 2399 268 2453 purnius
283 2399 330 2442 Ecl.
347 2398 368 2440 V
386 2399 413 2440 16
429 2397 506 2440 Baehr.
523 2397 582 2439 RL.
592 2397 623 2440 M.
639 2397 666 2438 lll
681 2411 703 2457 p.
718 2398 759 2440 90:

201 2530 218 2576 1)
232 2531 260 2566 Cf.
278 2531 321 2567 Liv.
337 2532 386 2567 126.
399 2535 432 2572 12;
444 2531 497 2566 Fest.
509 2530 528 2565 M
540 2532 574 2566 297
588 2530 659 2574 L380;
672 2530 724 2566 Paul.
737 2530 756 2565 M
770 2533 803 2566 307
818 2529 834 2564 L
848 2532 891 2573 3993
905 2529 958 2564 testi-

177 2589 242 2624 monia
254 2589 307 2624 varia
319 2587 398 2634 collegit
409 2586 510 2630 Wissowa,
523 2586 545 2620 R.
559 2586 598 2630 Ka,
611 2597 630 2631 p.
644 2590 684 2629 104,
698 2598 716 2622 n.
730 2590 746 2621 4.
785 2624 786 2628 Ἰ

201 2642 218 2688 2)
231 2643 259 2679 Cf.
275 2643 347 2688 Jordan
363 2642 405 2688 Tap.
418 2644 426 2679 i
439 2647 454 2685 1,
468 2654 485 2688 p.
500 2645 543 2687 2273
557 2642 646 2679 Roscher
660 2642 687 2677 M.
701 2641 722 2677 L.
734 2643 742 2677 Ι
756 2645 802 2678 1475
816 2641 930 2688 (Steuding).

200 2699 218 2745 3)
232 2700 260 2736 cf.
274 2700 373 2743 Wissowa,
387 2699 410 2734 R.
423 2699 461 2743 K.²,
475 2710 493 2744 p.
508 2703 541 2735 199
554 2710 582 2744 sq.

202 2757 219 2803 4)
232 2755 260 2792 Cf.
280 2756 338 2791 etiam
357 2754 409 2801 Calp.
426 2754 466 2790 Ecl.
480 2754 501 2798 V,
521 2758 559 2797 103,
580 2758 620 2798 108,
640 2758 674 2791 109
693 2755 761 2790 Baehr.
777 2754 815 2798 Δί..
828 2764 847 2798 p.
861 2756 884 2790 93
897 2764 925 2798 sq.
939 2758 958 2787 et

178 2811 218 2847 Cat.
232 2811 253 2846 de
265 2822 306 2857 agr.
320 2814 348 2846 83.
