2051 3214
445 127 487 168 113

74 251 199 305 reparando
222 251 269 293 fieri
293 250 380 294 solebat
403 251 425 292 in
449 252 521 306 spatio
546 251 605 303 reali,
621 252 644 294 in
661 251 708 294 aliis
724 252 859 306 quibusdam

74 320 142 361 sacris
166 321 333 362 committendis
358 332 415 374 quae
439 321 614 363 commemoravi
638 320 813 364 diuturnioribus
837 321 859 363 in

74 389 146 442 spatio
162 388 230 430 fiebat
246 395 270 430 ut
287 389 318 431 ita
334 388 407 430 dicam
424 387 514 440 fluente,
531 395 585 443 puta
600 389 623 431 in
639 395 749 443 tempore.

399 564 528 609 Coucuuslo.

100 716 170 759 Multa
189 716 304 772 hucusque
326 717 455 759 enumeravi
475 717 615 771 piaculorum
634 730 724 772 genera.
741 715 858 771 Quantum

58 800 62 807 ¹*
72 791 201 840 congruant,
216 792 324 839 quantum
333 786 466 838 discrepent,
476 793 580 828 accurate
587 785 721 840 investigare
730 791 753 827 et
760 785 858 840 defigere

71 867 112 906 pro
126 854 207 895 viribus
222 859 315 896 conatus
330 866 386 895 sum.
401 852 450 895 Hoc
463 867 516 907 prae
530 853 611 896 ceteris
620 853 762 907 perspicuum
771 852 857 896 factum

72 935 121 963 esse
135 928 202 975 puto,
224 921 316 975 piaculis
332 935 409 964 revera
424 923 498 964 inesse
514 923 625 965 rationem
642 929 665 964 et
680 922 783 964 ordinem
799 924 858 965 bene

71 992 224 1033 constitutum.
249 990 324 1044 Quare
345 997 418 1033 totum
442 997 548 1044 systema,
571 991 632 1046 quod
648 991 690 1032 hac
704 991 856 1045 disputatione

70 1059 179 1110 exstruxi,
195 1059 271 1112 paucis
287 1058 360 1100 verbis
376 1059 397 1100 in
414 1059 458 1101 fine
474 1060 551 1113 capitis
567 1059 759 1112 comprehendere
774 1065 797 1102 et
812 1059 854 1101 sub

70 1139 115 1168 uno
131 1133 223 1180 aspectu
239 1140 323 1181 ponere
338 1117 428 1169 iuvabit.

248 1278 383 1332 Disciplinae
399 1279 516 1332 piacularis
533 1285 675 1332 conspectus.
716 1280 718 1282 ’

99 1396 141 1438 De
169 1409 262 1438 sacro
290 1397 326 1437 ab
354 1397 562 1450 imprudente
586 1396 654 1437 sive
681 1396 855 1439 commisso

69 1466 137 1506 sive
160 1465 410 1506 committendo:

70 1535 88 1574 1.
106 1532 129 1574 Si
145 1546 233 1575 sacrum
247 1533 390 1575 commissum
404 1540 438 1575 est
454 1538 518 1575 extra
534 1533 687 1575 caeremonias
702 1533 854 1587 peragendas:

183 1601 302 1654 piaculum
318 1591 430 1642 eorrrrnissi
438 1599 570 1655 ,requiritur
585 1598 614 1656 (p.
632 1601 661 1644 39
677 1597 727 1656 sq.).

68 1669 88 1712 2.
105 1667 129 1710 Si
144 1682 232 1711 sacrum
248 1669 393 1710 commissum
410 1675 444 1710 est
458 1670 517 1710 intra
533 1669 687 1710 caeremonias
700 1669 852 1724 peragendas:

186 1735 259 1778 iostia
274 1736 409 1778 succidanea
425 1734 455 1792 (p.
471 1736 501 1778 54
516 1733 566 1792 sq.),

186 1803 325 1846 instauratio
341 1802 370 1861 (p.
386 1804 416 1846 66
431 1802 481 1860 sq.).

90 1928 92 1930 ι
127 1886 148 1914 a.
164 1872 188 1915 Si
203 1886 291 1915 sacrum
308 1873 453 1914 commissum
470 1872 543 1926 attigit
558 1877 644 1925 partem
661 1872 853 1914 caeremoniarum

164 1947 263 1983 tantum:

185 2008 275 2051 iteratio
292 2008 430 2051 instauratio
443 2008 521 2063 partis
537 2007 567 2065 (p.
584 2006 629 2065 64).

126 2078 145 2119 b,
164 2077 188 2120 Si
204 2078 277 2132 attigit
293 2078 447 2119 caeremonias
463 2084 522 2119 totas
539 2076 572 2118 vel
588 2082 674 2130 partem
683 2076 851 2131 gravissimam:

186 2145 276 2187 iteratio
292 2144 432 2187 instauratio
449 2144 519 2187 totins
534 2143 564 2201 (p,
581 2142 626 2201 69).

67 2215 87 2254 3.
104 2213 127 2255 Si
150 2215 215 2256 adest
238 2221 311 2256 metus
335 2227 363 2255 ne
386 2227 474 2255 sacrum
498 2215 527 2255 ab
542 2213 614 2255 inscio
631 2219 653 2255 et
668 2212 813 2266 imprudente
829 2216 854 2256 in

103 2282 249 2325 caeremoniis
265 2282 398 2337 peragendis
414 2282 568 2325 committatur
583 2283 704 2336 ignotaque
720 2289 821 2324 maneat:

184 2350 259 2393 leostia
272 2350 426 2405 praecidanea
442 2348 471 2406 (p.
488 2349 516 2391 72
533 2346 583 2404 sq.).

96 2502 138 2544 De
162 2516 257 2544 sacro
281 2517 294 2543 a
317 2503 479 2555 prudente
504 2502 571 2544 sive
592 2502 766 2544 commisso
787 2503 851 2545 sive

67 2571 320 2613 committendo:
843 2584 853 2619 g

68 2640 87 2679 1.
103 2638 127 2680 Si
150 2652 237 2680 sacrum
258 2641 305 2680 sive
326 2653 338 2680 a
359 2639 444 2692 privato
468 2638 515 2679 sive
530 2653 543 2679 a
559 2637 688 2690 republica
704 2638 850 2680 commissum

103 2714 137 2749 est
153 2708 238 2762 absque
253 2707 312 2748 iusta
328 2720 395 2748 causa
412 2705 463 2748 dolo
480 2705 551 2748 malo:

184 2775 289 2829 irnpietas
305 2781 326 2815 et
341 2773 515 2828 irrerptabtaras
531 2772 604 2815 oritur
620 2771 649 2829 (p.
667 2775 695 2814 82
709 2771 760 2829 sq.).

767 2852 777 2883 8
