<?xml version="1.0" encoding="UTF-8"?>
<!DOCTYPE html PUBLIC "-//W3C//DTD XHTML 1.0 Transitional//EN"
    "http://www.w3.org/TR/xhtml1/DTD/xhtml1-transitional.dtd">
<html xmlns="http://www.w3.org/1999/xhtml" xml:lang="en" lang="en">
 <head>
  <title>
</title>
<meta http-equiv="Content-Type" content="text/html;charset=utf-8" />
  <meta name='ocr-system' content='tesseract 3.04.00' />
  <meta name='ocr-capabilities' content='ocr_page ocr_carea ocr_par ocr_line ocrx_word'/>
</head>
<body>
  <div class='ocr_page' id='page_1' title='image "MN40027ucmf_0_0082.png"; bbox 0 0 2051 3214; ppageno 0'>
   <div class='ocr_carea' id='block_1_1' title="bbox 453 150 481 192">
    <p class='ocr_par' dir='ltr' id='par_1_1' title="bbox 453 150 481 192">
     <span class='ocr_line' id='line_1_1' title="bbox 453 150 481 192; baseline 0 0"><span class='ocrx_word' id='word_1_1' title='bbox 453 150 481 192; x_wconf 83' lang='lat'>47</span> 
     </span>
    </p>
   </div>
   <div class='ocr_carea' id='block_1_2' title="bbox 65 273 858 401">
    <p class='ocr_par' dir='ltr' id='par_1_2' title="bbox 65 273 858 401">
     <span class='ocr_line' id='line_1_2' title="bbox 65 273 857 331; baseline -0.011 -7"><span class='ocrx_word' id='word_1_2' title='bbox 65 279 248 331; x_wconf 71' lang='lat' dir='ltr'>auitauduiuquc</span> <span class='ocrx_word' id='word_1_3' title='bbox 268 276 381 318; x_wconf 81' lang='lat' dir='ltr'>iidcutal:</span> <span class='ocrx_word' id='word_1_4' title='bbox 405 275 507 317; x_wconf 81' lang='lat' dir='ltr'>bidcutal</span> <span class='ocrx_word' id='word_1_5' title='bbox 521 276 581 318; x_wconf 88' lang='lat' dir='ltr'>lacus</span> <span class='ocrx_word' id='word_1_6' title='bbox 596 288 660 318; x_wconf 78' lang='lat' dir='ltr'>sacca</span> <span class='ocrx_word' id='word_1_7' title='bbox 671 280 794 329; x_wconf 77' lang='lat' dir='ltr'>percussus</span> <span class='ocrx_word' id='word_1_8' title='bbox 805 273 857 328; x_wconf 91' lang='lat' dir='ltr'>ful-</span> 
     </span>
     <span class='ocr_line' id='line_1_3' title="bbox 76 343 858 401; baseline -0.014 -7"><span class='ocrx_word' id='word_1_9' title='bbox 76 350 139 398; x_wconf 86' lang='lat' dir='ltr'>uiuc,</span> <span class='ocrx_word' id='word_1_10' title='bbox 164 344 203 401; x_wconf 84' lang='lat' dir='ltr'>qui</span> <span class='ocrx_word' id='word_1_11' title='bbox 218 344 305 386; x_wconf 78' lang='lat' dir='ltr'><em>bidente</em></span> <span class='ocrx_word' id='word_1_12' title='bbox 320 344 348 386; x_wconf 83' lang='lat' dir='ltr'>ab</span> <span class='ocrx_word' id='word_1_13' title='bbox 364 343 507 398; x_wconf 77' lang='lat' dir='ltr'><em>aruspicibus</em></span> <span class='ocrx_word' id='word_1_14' title='bbox 522 348 664 386; x_wconf 77' lang='lat' dir='ltr'>cousecratur</span> <span class='ocrx_word' id='word_1_15' title='bbox 669 355 676 393; x_wconf 91' lang='lat'><strong><em>;</em></strong></span> <span class='ocrx_word' id='word_1_16' title='bbox 691 355 754 397; x_wconf 80' lang='lat' dir='ltr'>quau</span> <span class='ocrx_word' id='word_1_17' title='bbox 771 343 858 384; x_wconf 77' lang='lat' dir='ltr'>calcare</span> 
     </span>
    </p>
   </div>
   <div class='ocr_carea' id='block_1_3' title="bbox 1 409 859 674">
    <p class='ocr_par' dir='ltr' id='par_1_3' title="bbox 1 409 857 535">
     <span class='ocr_line' id='line_1_4' title="bbox 5 409 857 472; baseline -0.008 -12"><span class='ocrx_word' id='word_1_18' title='bbox 5 454 7 469; x_wconf 41' lang='lat'>2</span> <span class='ocrx_word' id='word_1_19' title='bbox 77 417 142 472; x_wconf 82' lang='lat' dir='ltr'>uisas</span> <span class='ocrx_word' id='word_1_20' title='bbox 165 419 204 456; x_wconf 83' lang='lat' dir='ltr'>est.</span> <span class='ocrx_word' id='word_1_21' title='bbox 221 412 294 466; x_wconf 79' lang='lat' dir='ltr'>Quam</span> <span class='ocrx_word' id='word_1_22' title='bbox 310 413 340 454; x_wconf 93' lang='lat' dir='ltr'>ob</span> <span class='ocrx_word' id='word_1_23' title='bbox 357 425 403 453; x_wconf 89' lang='lat' dir='ltr'>rem</span> <span class='ocrx_word' id='word_1_24' title='bbox 420 418 442 453; x_wconf 92' lang='lat' dir='ltr'>et</span> <span class='ocrx_word' id='word_1_25' title='bbox 457 410 518 453; x_wconf 89' lang='lat' dir='ltr'>illum</span> <span class='ocrx_word' id='word_1_26' title='bbox 534 412 571 466; x_wconf 90' lang='lat' dir='ltr'>qui</span> <span class='ocrx_word' id='word_1_27' title='bbox 587 409 686 454; x_wconf 90' lang='lat' dir='ltr'>bidental</span> <span class='ocrx_word' id='word_1_28' title='bbox 702 424 731 451; x_wconf 84' lang='lat' dir='ltr'>ex</span> <span class='ocrx_word' id='word_1_29' title='bbox 747 423 800 465; x_wconf 79' lang='lat' dir='ltr'>agro</span> <span class='ocrx_word' id='word_1_30' title='bbox 816 424 857 453; x_wconf 88' lang='lat' dir='ltr'>suo</span> 
     </span>
     <span class='ocr_line' id='line_1_5' title="bbox 1 477 857 535; baseline -0.007 -7"><span class='ocrx_word' id='word_1_31' title='bbox 1 509 2 522; x_wconf 52' lang='grc' dir='ltr'>ι</span> <span class='ocrx_word' id='word_1_32' title='bbox 75 483 181 529; x_wconf 83' lang='lat' dir='ltr'>amoverit</span> <span class='ocrx_word' id='word_1_33' title='bbox 204 481 296 535; x_wconf 88' lang='lat' dir='ltr'>impium</span> <span class='ocrx_word' id='word_1_34' title='bbox 319 481 402 532; x_wconf 88' lang='lat' dir='ltr'>haberi,</span> <span class='ocrx_word' id='word_1_35' title='bbox 426 486 520 523; x_wconf 88' lang='lat' dir='ltr'>testatur</span> <span class='ocrx_word' id='word_1_36' title='bbox 537 480 643 522; x_wconf 85' lang='lat' dir='ltr'><strong>Horatius</strong></span> <span class='ocrx_word' id='word_1_37' title='bbox 664 477 714 520; x_wconf 75' lang='lat' dir='ltr'>Act.</span> <span class='ocrx_word' id='word_1_38' title='bbox 739 478 796 523; x_wconf 76' lang='lat' dir='ltr'>Paci.</span> <span class='ocrx_word' id='word_1_39' title='bbox 812 480 857 522; x_wconf 84' lang='grc'>470</span> 
     </span>
    </p>

    <p class='ocr_par' dir='ltr' id='par_1_4' title="bbox 1 546 859 674">
     <span class='ocr_line' id='line_1_6' title="bbox 9 546 859 604; baseline -0.007 -9"><span class='ocrx_word' id='word_1_40' title='bbox 9 574 10 577; x_wconf 39' lang='grc'><strong>“</strong></span> <span class='ocrx_word' id='word_1_41' title='bbox 76 560 150 596; x_wconf 79' lang='lat' dir='ltr'>utcuu</span> <span class='ocrx_word' id='word_1_42' title='bbox 166 548 277 591; x_wconf 78' lang='lat' dir='ltr'><em>minxerit</em></span> <span class='ocrx_word' id='word_1_43' title='bbox 291 548 315 591; x_wconf 92' lang='lat' dir='ltr'>iu</span> <span class='ocrx_word' id='word_1_44' title='bbox 324 548 417 604; x_wconf 51' lang='lat' dir='ltr'>¹patrias</span> <span class='ocrx_word' id='word_1_45' title='bbox 431 547 520 598; x_wconf 76' lang='lat' dir='ltr'>ciuicas,</span> <span class='ocrx_word' id='word_1_46' title='bbox 538 561 569 590; x_wconf 91' lang='lat' dir='ltr'>au</span> <span class='ocrx_word' id='word_1_47' title='bbox 585 546 859 590; x_wconf 74' lang='lat' dir='ltr'>tcistcbidcutalucaacrit</span> 
     </span>
     <span class='ocr_line' id='line_1_7' title="bbox 1 615 856 674; baseline -0.007 -11"><span class='ocrx_word' id='word_1_48' title='bbox 1 631 2 634; x_wconf 74' lang='grc'>’</span> <span class='ocrx_word' id='word_1_49' title='bbox 13 637 19 663; x_wconf 74' lang='lat'>1</span> <span class='ocrx_word' id='word_1_50' title='bbox 76 623 172 665; x_wconf 83' lang='lat' dir='ltr'>iuccstus</span> <span class='ocrx_word' id='word_1_51' title='bbox 182 615 205 674; x_wconf 81' lang='lat'>¹).</span> <span class='ocrx_word' id='word_1_52' title='bbox 222 616 286 673; x_wconf 82' lang='lat' dir='ltr'>Quae</span> <span class='ocrx_word' id='word_1_53' title='bbox 301 617 388 660; x_wconf 82' lang='lat' dir='ltr'>Horatii</span> <span class='ocrx_word' id='word_1_54' title='bbox 402 618 468 658; x_wconf 89' lang='lat' dir='ltr'>verba</span> <span class='ocrx_word' id='word_1_55' title='bbox 477 616 535 658; x_wconf 90' lang='lat' dir='ltr'>clare</span> <span class='ocrx_word' id='word_1_56' title='bbox 544 618 705 666; x_wconf 77' lang='lat' dir='ltr'>demonstrant,</span> <span class='ocrx_word' id='word_1_57' title='bbox 714 616 856 658; x_wconf 83' lang='lat' dir='ltr'>violationem</span> 
     </span>
    </p>
   </div>
   <div class='ocr_carea' id='block_1_4' title="bbox 17 683 857 809">
    <p class='ocr_par' dir='ltr' id='par_1_5' title="bbox 17 683 857 809">
     <span class='ocr_line' id='line_1_8' title="bbox 17 683 857 740; baseline -0.007 -8"><span class='ocrx_word' id='word_1_58' title='bbox 17 708 20 716; x_wconf 54' lang='lat'>2</span> <span class='ocrx_word' id='word_1_59' title='bbox 76 687 158 732; x_wconf 90' lang='lat' dir='ltr'>conditi</span> <span class='ocrx_word' id='word_1_60' title='bbox 173 685 266 740; x_wconf 84' lang='lat' dir='ltr'>fulguris</span> <span class='ocrx_word' id='word_1_61' title='bbox 282 698 327 727; x_wconf 91' lang='lat' dir='ltr'>non</span> <span class='ocrx_word' id='word_1_62' title='bbox 343 685 453 727; x_wconf 86' lang='lat' dir='ltr'>minorem</span> <span class='ocrx_word' id='word_1_63' title='bbox 469 683 597 739; x_wconf 80' lang='lat' dir='ltr'>religionem</span> <span class='ocrx_word' id='word_1_64' title='bbox 613 696 663 726; x_wconf 93' lang='lat' dir='ltr'>esse</span> <span class='ocrx_word' id='word_1_65' title='bbox 678 683 775 725; x_wconf 79' lang='lat' dir='ltr'>habitam</span> <span class='ocrx_word' id='word_1_66' title='bbox 790 697 857 739; x_wconf 86' lang='lat' dir='ltr'>quam</span> 
     </span>
     <span class='ocr_line' id='line_1_9' title="bbox 76 752 856 809; baseline -0.006 -10"><span class='ocrx_word' id='word_1_67' title='bbox 76 758 94 799; x_wconf 93' lang='lat' dir='ltr'>si</span> <span class='ocrx_word' id='word_1_68' title='bbox 109 755 157 809; x_wconf 89' lang='lat' dir='ltr'>quis</span> <span class='ocrx_word' id='word_1_69' title='bbox 172 754 219 795; x_wconf 88' lang='lat' dir='ltr'>iura</span> <span class='ocrx_word' id='word_1_70' title='bbox 236 754 334 795; x_wconf 89' lang='lat' dir='ltr'>manium</span> <span class='ocrx_word' id='word_1_71' title='bbox 350 753 457 795; x_wconf 76' lang='lat' dir='ltr'>laesisset,</span> <span class='ocrx_word' id='word_1_72' title='bbox 474 752 521 794; x_wconf 90' lang='lat' dir='ltr'>Nec</span> <span class='ocrx_word' id='word_1_73' title='bbox 536 753 617 794; x_wconf 89' lang='lat' dir='ltr'>mirum</span> <span class='ocrx_word' id='word_1_74' title='bbox 633 752 706 806; x_wconf 82' lang='lat' dir='ltr'>igitur,</span> <span class='ocrx_word' id='word_1_75' title='bbox 722 752 759 806; x_wconf 90' lang='lat' dir='ltr'>qui</span> <span class='ocrx_word' id='word_1_76' title='bbox 775 752 856 805; x_wconf 88' lang='lat' dir='ltr'>impru-</span> 
     </span>
    </p>
   </div>
   <div class='ocr_carea' id='block_1_5' title="bbox 2 819 856 874">
    <p class='ocr_par' dir='ltr' id='par_1_6' title="bbox 2 819 856 874">
     <span class='ocr_line' id='line_1_10' title="bbox 2 819 856 874; baseline -0.006 -8"><span class='ocrx_word' id='word_1_77' title='bbox 2 825 3 828; x_wconf 71' lang='grc'>’</span> <span class='ocrx_word' id='word_1_78' title='bbox 76 826 129 867; x_wconf 92' lang='lat' dir='ltr'>dens</span> <span class='ocrx_word' id='word_1_79' title='bbox 145 821 243 864; x_wconf 90' lang='lat' dir='ltr'>bidental</span> <span class='ocrx_word' id='word_1_80' title='bbox 259 821 375 864; x_wconf 82' lang='lat' dir='ltr'>calcaverit</span> <span class='ocrx_word' id='word_1_81' title='bbox 390 821 506 863; x_wconf 84' lang='lat' dir='ltr'>laeseritve</span> <span class='ocrx_word' id='word_1_82' title='bbox 514 820 625 874; x_wconf 88' lang='lat' dir='ltr'>piaculum</span> <span class='ocrx_word' id='word_1_83' title='bbox 634 820 781 862; x_wconf 88' lang='lat' dir='ltr'>commisisse.</span> <span class='ocrx_word' id='word_1_84' title='bbox 791 819 856 873; x_wconf 79' lang='lat' dir='ltr'>Quae</span> 
     </span>
    </p>
   </div>
   <div class='ocr_carea' id='block_1_6' title="bbox 76 888 857 944">
    <p class='ocr_par' dir='ltr' id='par_1_7' title="bbox 76 888 857 944">
     <span class='ocr_line' id='line_1_11' title="bbox 76 888 857 944; baseline -0.006 -10"><span class='ocrx_word' id='word_1_85' title='bbox 76 893 103 934; x_wconf 91' lang='lat' dir='ltr'>de</span> <span class='ocrx_word' id='word_1_86' title='bbox 118 888 266 932; x_wconf 87' lang='lat' dir='ltr'>bidentalibus</span> <span class='ocrx_word' id='word_1_87' title='bbox 282 890 378 932; x_wconf 84' lang='lat' dir='ltr'>diximus</span> <span class='ocrx_word' id='word_1_88' title='bbox 395 891 417 931; x_wconf 89' lang='lat' dir='ltr'>in</span> <span class='ocrx_word' id='word_1_89' title='bbox 433 903 459 931; x_wconf 87' lang='lat' dir='ltr'>ea</span> <span class='ocrx_word' id='word_1_90' title='bbox 474 902 563 944; x_wconf 88' lang='lat' dir='ltr'>quoque</span> <span class='ocrx_word' id='word_1_91' title='bbox 579 888 628 930; x_wconf 88' lang='lat' dir='ltr'>loca</span> <span class='ocrx_word' id='word_1_92' title='bbox 645 888 725 939; x_wconf 88' lang='lat' dir='ltr'>valent,</span> <span class='ocrx_word' id='word_1_93' title='bbox 738 888 776 930; x_wconf 90' lang='lat' dir='ltr'>ubi</span> <span class='ocrx_word' id='word_1_94' title='bbox 784 888 857 943; x_wconf 85' lang='lat' dir='ltr'>fulgur</span> 
     </span>
    </p>
   </div>
   <div class='ocr_carea' id='block_1_7' title="bbox 6 956 857 1081">
    <p class='ocr_par' dir='ltr' id='par_1_8' title="bbox 6 956 857 1081">
     <span class='ocr_line' id='line_1_12' title="bbox 16 956 856 1011; baseline -0.004 -10"><span class='ocrx_word' id='word_1_95' title='bbox 16 1002 17 1005; x_wconf 66' lang='grc'>,</span> <span class='ocrx_word' id='word_1_96' title='bbox 76 972 119 1001; x_wconf 90' lang='lat' dir='ltr'>non</span> <span class='ocrx_word' id='word_1_97' title='bbox 148 957 243 999; x_wconf 89' lang='lat' dir='ltr'>Etrusco</span> <span class='ocrx_word' id='word_1_98' title='bbox 272 960 312 1000; x_wconf 86' lang='lat' dir='ltr'>sed</span> <span class='ocrx_word' id='word_1_99' title='bbox 341 959 443 1007; x_wconf 88' lang='lat' dir='ltr'>Romano</span> <span class='ocrx_word' id='word_1_100' title='bbox 466 958 509 999; x_wconf 89' lang='lat' dir='ltr'>ritu</span> <span class='ocrx_word' id='word_1_101' title='bbox 532 964 579 999; x_wconf 88' lang='lat' dir='ltr'>erat</span> <span class='ocrx_word' id='word_1_102' title='bbox 603 956 729 1007; x_wconf 87' lang='lat' dir='ltr'>conditum;</span> <span class='ocrx_word' id='word_1_103' title='bbox 755 970 856 1011; x_wconf 86' lang='lat' dir='ltr'>quaeque</span> 
     </span>
     <span class='ocr_line' id='line_1_13' title="bbox 6 1016 857 1081; baseline -0.002 -12"><span class='ocrx_word' id='word_1_104' title='bbox 6 1047 7 1050; x_wconf 41' lang='lat'>¹</span> <span class='ocrx_word' id='word_1_105' title='bbox 76 1034 160 1069; x_wconf 87' lang='lat' dir='ltr'>veteres</span> <span class='ocrx_word' id='word_1_106' title='bbox 176 1025 306 1080; x_wconf 89' lang='lat' dir='ltr'>plerumque</span> <span class='ocrx_word' id='word_1_107' title='bbox 319 1016 400 1081; x_wconf 78' lang='lat' dir='ltr'>puteal</span> <span class='ocrx_word' id='word_1_108' title='bbox 414 1027 531 1068; x_wconf 85' lang='lat' dir='ltr'>vocabant.</span> <span class='ocrx_word' id='word_1_109' title='bbox 548 1024 705 1067; x_wconf 86' lang='lat' dir='ltr'>Consideranti</span> <span class='ocrx_word' id='word_1_110' title='bbox 721 1025 786 1076; x_wconf 88' lang='lat' dir='ltr'>enim,</span> <span class='ocrx_word' id='word_1_111' title='bbox 800 1039 857 1079; x_wconf 90' lang='lat' dir='ltr'>quae</span> 
     </span>
    </p>
   </div>
   <div class='ocr_carea' id='block_1_8' title="bbox 75 1092 856 1218">
    <p class='ocr_par' dir='ltr' id='par_1_9' title="bbox 75 1092 856 1218">
     <span class='ocr_line' id='line_1_14' title="bbox 75 1092 856 1150; baseline -0.001 -14"><span class='ocrx_word' id='word_1_112' title='bbox 75 1096 134 1150; x_wconf 78' lang='lat' dir='ltr'>leges</span> <span class='ocrx_word' id='word_1_113' title='bbox 149 1095 194 1135; x_wconf 89' lang='lat' dir='ltr'>iam</span> <span class='ocrx_word' id='word_1_114' title='bbox 209 1094 261 1135; x_wconf 90' lang='lat' dir='ltr'>inde</span> <span class='ocrx_word' id='word_1_115' title='bbox 277 1094 306 1135; x_wconf 88' lang='lat' dir='ltr'>ab</span> <span class='ocrx_word' id='word_1_116' title='bbox 321 1095 417 1149; x_wconf 84' lang='lat' dir='ltr'>antiquis</span> <span class='ocrx_word' id='word_1_117' title='bbox 433 1095 571 1147; x_wconf 89' lang='lat' dir='ltr'>temporibus</span> <span class='ocrx_word' id='word_1_118' title='bbox 588 1093 722 1135; x_wconf 87' lang='lat' dir='ltr'>constitutae</span> <span class='ocrx_word' id='word_1_119' title='bbox 738 1092 819 1135; x_wconf 89' lang='lat' dir='ltr'>fuerint</span> <span class='ocrx_word' id='word_1_120' title='bbox 834 1094 856 1135; x_wconf 90' lang='lat' dir='ltr'>in</span> 
     </span>
     <span class='ocr_line' id='line_1_15' title="bbox 76 1160 856 1218; baseline -0.001 -13"><span class='ocrx_word' id='word_1_121' title='bbox 76 1177 113 1205; x_wconf 92' lang='lat' dir='ltr'>eos</span> <span class='ocrx_word' id='word_1_122' title='bbox 144 1162 181 1216; x_wconf 88' lang='lat' dir='ltr'>qui</span> <span class='ocrx_word' id='word_1_123' title='bbox 205 1161 296 1203; x_wconf 86' lang='lat' dir='ltr'>fulmine</span> <span class='ocrx_word' id='word_1_124' title='bbox 320 1169 383 1205; x_wconf 88' lang='lat' dir='ltr'>erant</span> <span class='ocrx_word' id='word_1_125' title='bbox 407 1163 474 1204; x_wconf 88' lang='lat' dir='ltr'>occisi</span> <span class='ocrx_word' id='word_1_126' title='bbox 483 1161 507 1216; x_wconf 69' lang='lat' dir='ltr'>l),</span> <span class='ocrx_word' id='word_1_127' title='bbox 532 1161 623 1218; x_wconf 90' lang='lat' dir='ltr'>dubium</span> <span class='ocrx_word' id='word_1_128' title='bbox 644 1174 690 1202; x_wconf 90' lang='lat' dir='ltr'>non</span> <span class='ocrx_word' id='word_1_129' title='bbox 710 1161 751 1203; x_wconf 90' lang='lat' dir='ltr'>erit</span> <span class='ocrx_word' id='word_1_130' title='bbox 771 1160 856 1204; x_wconf 88' lang='lat' dir='ltr'>calcato</span> 
     </span>
    </p>
   </div>
   <div class='ocr_carea' id='block_1_9' title="bbox 2 1221 886 1284">
    <p class='ocr_par' dir='ltr' id='par_1_10' title="bbox 2 1221 886 1284">
     <span class='ocr_line' id='line_1_16' title="bbox 2 1221 886 1284; baseline 0 -12"><span class='ocrx_word' id='word_1_131' title='bbox 2 1249 3 1252; x_wconf 42' lang='lat'>¹</span> <span class='ocrx_word' id='word_1_132' title='bbox 76 1230 156 1284; x_wconf 86' lang='lat' dir='ltr'>puteali</span> <span class='ocrx_word' id='word_1_133' title='bbox 172 1242 260 1271; x_wconf 88' lang='lat' dir='ltr'>sacrum</span> <span class='ocrx_word' id='word_1_134' title='bbox 276 1243 325 1272; x_wconf 90' lang='lat' dir='ltr'>esse</span> <span class='ocrx_word' id='word_1_135' title='bbox 334 1231 478 1272; x_wconf 88' lang='lat' dir='ltr'>commissum</span> <span class='ocrx_word' id='word_1_136' title='bbox 487 1221 661 1284; x_wconf 82' lang='lat' dir='ltr'>graviluendum</span> <span class='ocrx_word' id='word_1_137' title='bbox 670 1228 762 1282; x_wconf 89' lang='lat' dir='ltr'>piaculo.</span> <span class='ocrx_word' id='word_1_138' title='bbox 771 1229 856 1272; x_wconf 87' lang='lat' dir='ltr'>Lacum</span> <span class='ocrx_word' id='word_1_139' title='bbox 884 1240 886 1245; x_wconf 86' lang='lat'>&#39;</span> 
     </span>
    </p>
   </div>
   <div class='ocr_carea' id='block_1_10' title="bbox 77 1296 856 1352">
    <p class='ocr_par' dir='ltr' id='par_1_11' title="bbox 77 1296 856 1352">
     <span class='ocr_line' id='line_1_17' title="bbox 77 1296 856 1352; baseline 0 -12"><span class='ocrx_word' id='word_1_140' title='bbox 77 1298 175 1340; x_wconf 88' lang='lat' dir='ltr'>Curtium</span> <span class='ocrx_word' id='word_1_141' title='bbox 192 1310 268 1338; x_wconf 86' lang='lat' dir='ltr'>revera</span> <span class='ocrx_word' id='word_1_142' title='bbox 284 1297 353 1339; x_wconf 86' lang='lat' dir='ltr'>fuisse</span> <span class='ocrx_word' id='word_1_143' title='bbox 369 1298 443 1352; x_wconf 87' lang='lat' dir='ltr'>puteal</span> <span class='ocrx_word' id='word_1_144' title='bbox 459 1297 532 1339; x_wconf 87' lang='lat' dir='ltr'>Varro</span> <span class='ocrx_word' id='word_1_145' title='bbox 548 1303 626 1338; x_wconf 88' lang='lat' dir='ltr'>auctor</span> <span class='ocrx_word' id='word_1_146' title='bbox 642 1303 676 1338; x_wconf 93' lang='lat' dir='ltr'>est</span> <span class='ocrx_word' id='word_1_147' title='bbox 692 1297 719 1338; x_wconf 86' lang='lat' dir='ltr'>dc</span> <span class='ocrx_word' id='word_1_148' title='bbox 727 1297 741 1338; x_wconf 91' lang='lat' dir='ltr'>l.</span> <span class='ocrx_word' id='word_1_149' title='bbox 751 1298 766 1339; x_wconf 87' lang='lat' dir='ltr'>l.</span> <span class='ocrx_word' id='word_1_150' title='bbox 774 1296 802 1338; x_wconf 88' lang='lat' dir='ltr'>V.</span> <span class='ocrx_word' id='word_1_151' title='bbox 814 1298 856 1340; x_wconf 85' lang='lat'>150</span> 
     </span>
    </p>
   </div>
   <div class='ocr_carea' id='block_1_11' title="bbox 0 1354 855 1419">
    <p class='ocr_par' dir='ltr' id='par_1_12' title="bbox 0 1354 855 1419">
     <span class='ocr_line' id='line_1_18' title="bbox 0 1354 855 1419; baseline -0.001 -11"><span class='ocrx_word' id='word_1_152' title='bbox 0 1370 1 1373; x_wconf 74' lang='grc'>’</span> <span class='ocrx_word' id='word_1_153' title='bbox 78 1365 192 1408; x_wconf 78' lang='lat' dir='ltr'>Caruilius</span> <span class='ocrx_word' id='word_1_154' title='bbox 208 1371 230 1406; x_wconf 84' lang='lat' dir='ltr'>ct</span> <span class='ocrx_word' id='word_1_155' title='bbox 243 1365 352 1408; x_wconf 84' lang='lat' dir='ltr'>Lutatius</span> <span class='ocrx_word' id='word_1_156' title='bbox 366 1366 469 1408; x_wconf 76' lang='lat' dir='ltr'>scciiuut</span> <span class='ocrx_word' id='word_1_157' title='bbox 482 1379 531 1407; x_wconf 74' lang='lat' dir='ltr'>autu</span> <span class='ocrx_word' id='word_1_158' title='bbox 548 1354 617 1408; x_wconf 78' lang='lat' dir='ltr'>lacau</span> <span class='ocrx_word' id='word_1_159' title='bbox 629 1363 774 1419; x_wconf 78' lang='lat' dir='ltr'>fulguritum</span> <span class='ocrx_word' id='word_1_160' title='bbox 790 1372 812 1407; x_wconf 86' lang='lat' dir='ltr'>ct</span> <span class='ocrx_word' id='word_1_161' title='bbox 827 1379 855 1407; x_wconf 81' lang='lat' dir='ltr'>eu</span> 
     </span>
    </p>
   </div>
   <div class='ocr_carea' id='block_1_12' title="bbox 14 1431 857 1560">
    <p class='ocr_par' dir='ltr' id='par_1_13' title="bbox 14 1431 857 1560">
     <span class='ocr_line' id='line_1_19' title="bbox 75 1431 857 1490; baseline 0 -16"><span class='ocrx_word' id='word_1_162' title='bbox 75 1448 92 1475; x_wconf 88' lang='lat' dir='ltr'>s.</span> <span class='ocrx_word' id='word_1_163' title='bbox 109 1447 126 1475; x_wconf 94' lang='lat' dir='ltr'>c.</span> <span class='ocrx_word' id='word_1_164' title='bbox 142 1439 228 1487; x_wconf 80' lang='lat' dir='ltr'>septum</span> <span class='ocrx_word' id='word_1_165' title='bbox 244 1448 303 1476; x_wconf 82' lang='lat' dir='ltr'>csse:</span> <span class='ocrx_word' id='word_1_166' title='bbox 320 1435 346 1477; x_wconf 84' lang='lat' dir='ltr'>icl</span> <span class='ocrx_word' id='word_1_167' title='bbox 359 1435 418 1490; x_wconf 81' lang='lat' dir='ltr'>quad</span> <span class='ocrx_word' id='word_1_168' title='bbox 427 1433 518 1488; x_wconf 82' lang='lat' dir='ltr'>factuu</span> <span class='ocrx_word' id='word_1_169' title='bbox 535 1440 598 1475; x_wconf 85' lang='lat' dir='ltr'>csta</span> <span class='ocrx_word' id='word_1_170' title='bbox 615 1431 691 1482; x_wconf 77' lang='lat' dir='ltr'>Curtio</span> <span class='ocrx_word' id='word_1_171' title='bbox 707 1434 801 1484; x_wconf 80' lang='lat' dir='ltr'>causale,</span> <span class='ocrx_word' id='word_1_172' title='bbox 819 1434 857 1475; x_wconf 91' lang='lat' dir='ltr'>cui</span> 
     </span>
     <span class='ocr_line' id='line_1_20' title="bbox 14 1497 714 1560; baseline 0 -17"><span class='ocrx_word' id='word_1_173' title='bbox 14 1557 15 1560; x_wconf 11' lang='grc' dir='ltr'><strong>Ἴ</strong></span> <span class='ocrx_word' id='word_1_174' title='bbox 76 1502 106 1543; x_wconf 84' lang='lat' dir='ltr'>M.</span> <span class='ocrx_word' id='word_1_175' title='bbox 126 1499 238 1543; x_wconf 77' lang='lat' dir='ltr'>Genucius</span> <span class='ocrx_word' id='word_1_176' title='bbox 248 1500 302 1554; x_wconf 83' lang='lat' dir='ltr'>suit</span> <span class='ocrx_word' id='word_1_177' title='bbox 315 1503 405 1557; x_wconf 77' lang='lat' dir='ltr'>collega,</span> <span class='ocrx_word' id='word_1_178' title='bbox 424 1500 526 1544; x_wconf 80' lang='lat' dir='ltr'>Curtium</span> <span class='ocrx_word' id='word_1_179' title='bbox 542 1497 714 1556; x_wconf 55' lang='lat' dir='ltr'>appellatum.</span> 
     </span>
    </p>
   </div>
   <div class='ocr_carea' id='block_1_13' title="bbox 74 1619 854 1743">
    <p class='ocr_par' dir='ltr' id='par_1_14' title="bbox 74 1619 854 1743">
     <span class='ocr_line' id='line_1_21' title="bbox 104 1619 854 1676; baseline 0 -14"><span class='ocrx_word' id='word_1_180' title='bbox 104 1619 177 1673; x_wconf 81' lang='lat' dir='ltr'>Quam</span> <span class='ocrx_word' id='word_1_181' title='bbox 201 1634 267 1676; x_wconf 79' lang='lat' dir='ltr'>grave</span> <span class='ocrx_word' id='word_1_182' title='bbox 283 1621 394 1675; x_wconf 87' lang='lat' dir='ltr'>piaculum</span> <span class='ocrx_word' id='word_1_183' title='bbox 418 1621 557 1664; x_wconf 88' lang='lat' dir='ltr'>violatio</span> <span class='ocrx_word' id='word_1_184' title='bbox 580 1620 644 1662; x_wconf 89' lang='lat' dir='ltr'>luci</span> <span class='ocrx_word' id='word_1_185' title='bbox 668 1619 740 1671; x_wconf 87' lang='lat' dir='ltr'>fuerit,</span> <span class='ocrx_word' id='word_1_186' title='bbox 757 1621 779 1662; x_wconf 92' lang='lat' dir='ltr'>id</span> <span class='ocrx_word' id='word_1_187' title='bbox 796 1621 854 1662; x_wconf 88' lang='lat' dir='ltr'>clare</span> 
     </span>
     <span class='ocr_line' id='line_1_22' title="bbox 74 1687 853 1743; baseline 0.005 -15"><span class='ocrx_word' id='word_1_188' title='bbox 74 1688 156 1738; x_wconf 85' lang='lat' dir='ltr'>indicat</span> <span class='ocrx_word' id='word_1_189' title='bbox 179 1687 241 1730; x_wconf 88' lang='lat' dir='ltr'>lucos</span> <span class='ocrx_word' id='word_1_190' title='bbox 264 1688 333 1731; x_wconf 81' lang='lat' dir='ltr'>fuisse</span> <span class='ocrx_word' id='word_1_191' title='bbox 356 1688 467 1743; x_wconf 84' lang='lat' dir='ltr'>capitales,</span> <span class='ocrx_word' id='word_1_192' title='bbox 492 1690 530 1730; x_wconf 90' lang='lat' dir='ltr'>ubi</span> <span class='ocrx_word' id='word_1_193' title='bbox 553 1688 570 1730; x_wconf 91' lang='lat' dir='ltr'>si</span> <span class='ocrx_word' id='word_1_194' title='bbox 591 1688 644 1742; x_wconf 91' lang='lat' dir='ltr'>quid</span> <span class='ocrx_word' id='word_1_195' title='bbox 665 1687 770 1729; x_wconf 90' lang='lat' dir='ltr'>violatum</span> <span class='ocrx_word' id='word_1_196' title='bbox 787 1697 853 1740; x_wconf 83' lang='lat' dir='ltr'>esset,</span> 
     </span>
    </p>
   </div>
   <div class='ocr_carea' id='block_1_14' title="bbox 0 1755 856 2084">
    <p class='ocr_par' dir='ltr' id='par_1_15' title="bbox 0 1755 856 2084">
     <span class='ocr_line' id='line_1_23' title="bbox 12 1755 853 1811; baseline 0.004 -15"><span class='ocrx_word' id='word_1_197' title='bbox 12 1759 14 1761; x_wconf 76' lang='grc'><strong><em>’</em></strong></span> <span class='ocrx_word' id='word_1_198' title='bbox 75 1763 140 1809; x_wconf 86' lang='lat' dir='ltr'>caput</span> <span class='ocrx_word' id='word_1_199' title='bbox 162 1756 275 1798; x_wconf 88' lang='lat' dir='ltr'>violatoris</span> <span class='ocrx_word' id='word_1_200' title='bbox 291 1758 424 1811; x_wconf 86' lang='lat' dir='ltr'>expiaretur,</span> <span class='ocrx_word' id='word_1_201' title='bbox 441 1763 498 1799; x_wconf 90' lang='lat' dir='ltr'>teste</span> <span class='ocrx_word' id='word_1_202' title='bbox 514 1756 582 1798; x_wconf 91' lang='lat' dir='ltr'>Paulo</span> <span class='ocrx_word' id='word_1_203' title='bbox 595 1756 620 1797; x_wconf 72' lang='lat' dir='ltr'>vM</span> <span class='ocrx_word' id='word_1_204' title='bbox 636 1756 665 1798; x_wconf 81' lang='lat'>66</span> <span class='ocrx_word' id='word_1_205' title='bbox 681 1756 700 1797; x_wconf 93' lang='lat' dir='ltr'><strong>L</strong></span> <span class='ocrx_word' id='word_1_206' title='bbox 716 1755 752 1798; x_wconf 84' lang='lat'>57.</span> <span class='ocrx_word' id='word_1_207' title='bbox 768 1756 853 1799; x_wconf 88' lang='lat' dir='ltr'>Memo-</span> 
     </span>
     <span class='ocr_line' id='line_1_24' title="bbox 0 1817 854 1879; baseline 0.004 -16"><span class='ocrx_word' id='word_1_208' title='bbox 0 1817 6 1860; x_wconf 68' lang='grc' dir='ltr'>Ῐ</span> <span class='ocrx_word' id='word_1_209' title='bbox 75 1829 123 1864; x_wconf 89' lang='lat' dir='ltr'>ratu</span> <span class='ocrx_word' id='word_1_210' title='bbox 140 1824 206 1878; x_wconf 82' lang='lat' dir='ltr'>digna</span> <span class='ocrx_word' id='word_1_211' title='bbox 221 1824 258 1866; x_wconf 86' lang='lat' dir='ltr'>lex</span> <span class='ocrx_word' id='word_1_212' title='bbox 274 1838 299 1866; x_wconf 89' lang='lat' dir='ltr'>ea</span> <span class='ocrx_word' id='word_1_213' title='bbox 316 1832 356 1876; x_wconf 87' lang='lat' dir='ltr'>est,</span> <span class='ocrx_word' id='word_1_214' title='bbox 368 1825 396 1866; x_wconf 93' lang='lat' dir='ltr'>de</span> <span class='ocrx_word' id='word_1_215' title='bbox 410 1838 453 1879; x_wconf 89' lang='lat' dir='ltr'>qua</span> <span class='ocrx_word' id='word_1_216' title='bbox 466 1831 546 1878; x_wconf 88' lang='lat' dir='ltr'>postea</span> <span class='ocrx_word' id='word_1_217' title='bbox 559 1824 621 1877; x_wconf 88' lang='lat' dir='ltr'>plura</span> <span class='ocrx_word' id='word_1_218' title='bbox 630 1837 706 1865; x_wconf 91' lang='lat' dir='ltr'>sumus</span> <span class='ocrx_word' id='word_1_219' title='bbox 715 1824 801 1875; x_wconf 84' lang='lat' dir='ltr'>dicturi,</span> <span class='ocrx_word' id='word_1_220' title='bbox 811 1824 854 1866; x_wconf 93' lang='lat' dir='ltr'>luci</span> 
     </span>
     <span class='ocr_line' id='line_1_25' title="bbox 0 1889 854 1947; baseline -0.001 -12"><span class='ocrx_word' id='word_1_221' title='bbox 0 1897 2 1935; x_wconf 80' lang='lat' dir='ltr'>l</span> <span class='ocrx_word' id='word_1_222' title='bbox 75 1889 181 1943; x_wconf 89' lang='lat' dir='ltr'>Spoletini</span> <span class='ocrx_word' id='word_1_223' title='bbox 196 1893 294 1947; x_wconf 87' lang='lat' dir='ltr'>inquam,</span> <span class='ocrx_word' id='word_1_224' title='bbox 305 1891 327 1935; x_wconf 88' lang='lat' dir='ltr'>C.</span> <span class='ocrx_word' id='word_1_225' title='bbox 337 1892 354 1934; x_wconf 75' lang='lat' dir='ltr'>t</span> <span class='ocrx_word' id='word_1_226' title='bbox 363 1892 389 1934; x_wconf 90' lang='lat' dir='ltr'>L.</span> <span class='ocrx_word' id='word_1_227' title='bbox 398 1893 428 1934; x_wconf 90' lang='lat' dir='ltr'>XI</span> <span class='ocrx_word' id='word_1_228' title='bbox 436 1892 495 1934; x_wconf 82' lang='lat'><strong>4766</strong></span> <span class='ocrx_word' id='word_1_229' title='bbox 504 1889 598 1945; x_wconf 70' lang='lat' dir='ltr'>(Brunsl,</span> <span class='ocrx_word' id='word_1_230' title='bbox 607 1905 628 1945; x_wconf 93' lang='lat' dir='ltr'>p.</span> <span class='ocrx_word' id='word_1_231' title='bbox 638 1892 689 1944; x_wconf 77' lang='lat'>260)</span> <span class='ocrx_word' id='word_1_232' title='bbox 698 1891 764 1933; x_wconf 82' lang='lat' dir='ltr'>iaucc</span> <span class='ocrx_word' id='word_1_233' title='bbox 771 1893 854 1934; x_wconf 81' lang='lat' dir='ltr'>laucuu</span> 
     </span>
     <span class='ocr_line' id='line_1_26' title="bbox 2 1954 853 2016; baseline 0.004 -17"><span class='ocrx_word' id='word_1_234' title='bbox 2 1968 5 1976; x_wconf 89' lang='lat'><strong>·</strong></span> <span class='ocrx_word' id='word_1_235' title='bbox 41 1954 42 1957; x_wconf 62' lang='grc'>’</span> <span class='ocrx_word' id='word_1_236' title='bbox 75 1959 166 2013; x_wconf 82' lang='lat' dir='ltr'>aequis</span> <span class='ocrx_word' id='word_1_237' title='bbox 181 1959 285 2011; x_wconf 82' lang='lat' dir='ltr'>violatori,</span> <span class='ocrx_word' id='word_1_238' title='bbox 303 1974 371 2016; x_wconf 79' lang='lat' dir='ltr'>acque</span> <span class='ocrx_word' id='word_1_239' title='bbox 387 1954 487 2002; x_wconf 69' lang='lat' dir='ltr'>euocata</span> <span class='ocrx_word' id='word_1_240' title='bbox 504 1958 732 2015; x_wconf 80' lang='lat' dir='ltr'>acquccafcctaquad</span> <span class='ocrx_word' id='word_1_241' title='bbox 739 1960 853 2013; x_wconf 83' lang='lat' dir='ltr'>laucisict,</span> 
     </span>
     <span class='ocr_line' id='line_1_27' title="bbox 1 2026 856 2084; baseline 0.004 -17"><span class='ocrx_word' id='word_1_242' title='bbox 1 2032 3 2034; x_wconf 67' lang='grc'><strong>“</strong></span> <span class='ocrx_word' id='word_1_243' title='bbox 75 2039 141 2080; x_wconf 81' lang='lat' dir='ltr'>acque</span> <span class='ocrx_word' id='word_1_244' title='bbox 155 2027 226 2069; x_wconf 83' lang='lat' dir='ltr'>aedita</span> <span class='ocrx_word' id='word_1_245' title='bbox 242 2028 302 2070; x_wconf 83' lang='lat' dir='ltr'>uesci</span> <span class='ocrx_word' id='word_1_246' title='bbox 316 2042 357 2084; x_wconf 86' lang='lat' dir='ltr'>quc</span> <span class='ocrx_word' id='word_1_247' title='bbox 371 2029 409 2070; x_wconf 86' lang='lat' dir='ltr'>dic</span> <span class='ocrx_word' id='word_1_248' title='bbox 423 2042 459 2071; x_wconf 80' lang='lat' dir='ltr'>ras</span> <span class='ocrx_word' id='word_1_249' title='bbox 474 2028 543 2070; x_wconf 85' lang='lat' dir='ltr'>dciua</span> <span class='ocrx_word' id='word_1_250' title='bbox 559 2041 621 2069; x_wconf 90' lang='lat' dir='ltr'>auua</span> <span class='ocrx_word' id='word_1_251' title='bbox 632 2026 689 2080; x_wconf 86' lang='lat' dir='ltr'>fict:</span> <span class='ocrx_word' id='word_1_252' title='bbox 706 2028 746 2069; x_wconf 82' lang='lat' dir='ltr'>aad</span> <span class='ocrx_word' id='word_1_253' title='bbox 753 2027 856 2083; x_wconf 82' lang='lat' dir='ltr'>dicquad</span> 
     </span>
    </p>
   </div>
   <div class='ocr_carea' id='block_1_15' title="bbox 14 2093 854 2358">
    <p class='ocr_par' dir='ltr' id='par_1_16' title="bbox 14 2093 854 2358">
     <span class='ocr_line' id='line_1_28' title="bbox 74 2093 852 2153; baseline 0.005 -19"><span class='ocrx_word' id='word_1_254' title='bbox 74 2093 107 2135; x_wconf 81' lang='lat' dir='ltr'>cci</span> <span class='ocrx_word' id='word_1_255' title='bbox 114 2094 181 2137; x_wconf 87' lang='lat' dir='ltr'>diuai</span> <span class='ocrx_word' id='word_1_256' title='bbox 187 2109 258 2138; x_wconf 88' lang='lat' dir='ltr'>causa</span> <span class='ocrx_word' id='word_1_257' title='bbox 265 2093 346 2153; x_wconf 67' lang='lat' dir='ltr'>[sliat</span> <span class='ocrx_word' id='word_1_258' title='bbox 352 2096 402 2139; x_wconf 85' lang='lat' dir='ltr'>siue</span> <span class='ocrx_word' id='word_1_259' title='bbox 409 2097 458 2139; x_wconf 85' lang='lat' dir='ltr'>dala</span> <span class='ocrx_word' id='word_1_260' title='bbox 466 2096 529 2137; x_wconf 81' lang='lat' dir='ltr'>ccdcc</span> <span class='ocrx_word' id='word_1_261' title='bbox 536 2093 635 2152; x_wconf 72' lang='lat' dir='ltr'>[ljicetad</span> <span class='ocrx_word' id='word_1_262' title='bbox 640 2108 646 2146; x_wconf 88' lang='lat'><em>;</em></span> <span class='ocrx_word' id='word_1_263' title='bbox 654 2094 688 2137; x_wconf 88' lang='lat' dir='ltr'>sci</span> <span class='ocrx_word' id='word_1_264' title='bbox 694 2095 746 2151; x_wconf 84' lang='lat' dir='ltr'>quis</span> <span class='ocrx_word' id='word_1_265' title='bbox 754 2096 852 2148; x_wconf 77' lang='lat' dir='ltr'>violarit,</span> 
     </span>
     <span class='ocr_line' id='line_1_29' title="bbox 14 2160 853 2219; baseline 0.006 -18"><span class='ocrx_word' id='word_1_266' title='bbox 14 2209 15 2213; x_wconf 10' lang='grc' dir='ltr'><strong>Ἰ</strong></span> <span class='ocrx_word' id='word_1_267' title='bbox 75 2160 205 2205; x_wconf 75' lang='lat' dir='ltr'>lauchonia</span> <span class='ocrx_word' id='word_1_268' title='bbox 215 2163 317 2218; x_wconf 82' lang='lat' dir='ltr'>piaclum</span> <span class='ocrx_word' id='word_1_269' title='bbox 333 2165 404 2207; x_wconf 83' lang='lat' dir='ltr'>datad</span> <span class='ocrx_word' id='word_1_270' title='bbox 408 2177 415 2215; x_wconf 88' lang='lat'><em>;</em></span> <span class='ocrx_word' id='word_1_271' title='bbox 430 2163 465 2205; x_wconf 81' lang='lat' dir='ltr'>sa</span> <span class='ocrx_word' id='word_1_272' title='bbox 479 2164 530 2219; x_wconf 83' lang='lat' dir='ltr'>quis</span> <span class='ocrx_word' id='word_1_273' title='bbox 545 2163 602 2205; x_wconf 82' lang='lat' dir='ltr'>scias</span> <span class='ocrx_word' id='word_1_274' title='bbox 617 2163 711 2206; x_wconf 77' lang='lat' dir='ltr'>violarit</span> <span class='ocrx_word' id='word_1_275' title='bbox 725 2165 774 2206; x_wconf 86' lang='lat' dir='ltr'>dala</span> <span class='ocrx_word' id='word_1_276' title='bbox 787 2166 853 2216; x_wconf 84' lang='lat' dir='ltr'>uala,</span> 
     </span>
     <span class='ocr_line' id='line_1_30' title="bbox 75 2228 854 2288; baseline 0.006 -18"><span class='ocrx_word' id='word_1_277' title='bbox 75 2228 134 2271; x_wconf 79' lang='lat' dir='ltr'>[auci</span> <span class='ocrx_word' id='word_1_278' title='bbox 154 2231 221 2274; x_wconf 84' lang='lat' dir='ltr'>bauid</span> <span class='ocrx_word' id='word_1_279' title='bbox 239 2232 340 2287; x_wconf 83' lang='lat' dir='ltr'>piacluac</span> <span class='ocrx_word' id='word_1_280' title='bbox 364 2233 435 2274; x_wconf 87' lang='lat' dir='ltr'>datad</span> <span class='ocrx_word' id='word_1_281' title='bbox 455 2238 477 2274; x_wconf 86' lang='lat' dir='ltr'>ct</span> <span class='ocrx_word' id='word_1_282' title='bbox 497 2230 576 2288; x_wconf 80' lang='lat' dir='ltr'>a(sscr)</span> <span class='ocrx_word' id='word_1_283' title='bbox 595 2230 651 2274; x_wconf 88' lang='lat' dir='ltr'>CCC</span> <span class='ocrx_word' id='word_1_284' title='bbox 663 2231 743 2274; x_wconf 85' lang='lat' dir='ltr'>ualtai</span> <span class='ocrx_word' id='word_1_285' title='bbox 758 2234 854 2283; x_wconf 82' lang='lat' dir='ltr'>suutad;</span> 
     </span>
     <span class='ocr_line' id='line_1_31' title="bbox 74 2296 788 2358; baseline 0.007 -22"><span class='ocrx_word' id='word_1_286' title='bbox 74 2296 122 2338; x_wconf 83' lang='lat' dir='ltr'>cius</span> <span class='ocrx_word' id='word_1_287' title='bbox 133 2298 207 2352; x_wconf 81' lang='lat' dir='ltr'>piacli</span> <span class='ocrx_word' id='word_1_288' title='bbox 221 2300 341 2356; x_wconf 85' lang='lat' dir='ltr'>ualtaiquc</span> <span class='ocrx_word' id='word_1_289' title='bbox 355 2297 482 2358; x_wconf 73' lang='lat' dir='ltr'>dicatoclcc]</span> <span class='ocrx_word' id='word_1_290' title='bbox 498 2300 583 2342; x_wconf 81' lang='lat' dir='ltr'>cicactia</span> <span class='ocrx_word' id='word_1_291' title='bbox 599 2297 686 2356; x_wconf 67' lang='lat' dir='ltr'>estladl.</span> <span class='ocrx_word' id='word_1_292' title='bbox 787 2296 788 2299; x_wconf 62' lang='grc'>’</span> 
     </span>
    </p>
   </div>
   <div class='ocr_carea' id='block_1_16' title="bbox 74 2421 856 2638">
    <p class='ocr_par' dir='ltr' id='par_1_17' title="bbox 98 2421 778 2469">
     <span class='ocr_line' id='line_1_32' title="bbox 98 2421 778 2469; baseline 0.009 -15"><span class='ocrx_word' id='word_1_293' title='bbox 98 2421 209 2465; x_wconf 71' lang='lat' dir='ltr'>llluccstur</span> <span class='ocrx_word' id='word_1_294' title='bbox 220 2422 271 2459; x_wconf 89' lang='lat' dir='ltr'>idem</span> <span class='ocrx_word' id='word_1_295' title='bbox 284 2425 335 2460; x_wconf 87' lang='lat' dir='ltr'>ualet</span> <span class='ocrx_word' id='word_1_296' title='bbox 348 2434 369 2460; x_wconf 87' lang='lat' dir='ltr'>ac</span> <span class='ocrx_word' id='word_1_297' title='bbox 382 2423 455 2469; x_wconf 80' lang='lat' dir='ltr'>impius,</span> <span class='ocrx_word' id='word_1_298' title='bbox 469 2424 493 2459; x_wconf 90' lang='lat' dir='ltr'>cf.</span> <span class='ocrx_word' id='word_1_299' title='bbox 508 2423 541 2461; x_wconf 81' lang='lat' dir='ltr'>Oa</span> <span class='ocrx_word' id='word_1_300' title='bbox 554 2425 562 2459; x_wconf 93' lang='lat' dir='ltr'>l</span> <span class='ocrx_word' id='word_1_301' title='bbox 575 2428 602 2458; x_wconf 87' lang='lat'>12.</span> <span class='ocrx_word' id='word_1_302' title='bbox 616 2426 638 2459; x_wconf 84' lang='lat'>59</span> <span class='ocrx_word' id='word_1_303' title='bbox 652 2428 671 2459; x_wconf 91' lang='lat' dir='ltr'>et</span> <span class='ocrx_word' id='word_1_304' title='bbox 683 2423 707 2459; x_wconf 91' lang='lat' dir='ltr'>Ill</span> <span class='ocrx_word' id='word_1_305' title='bbox 720 2428 736 2460; x_wconf 89' lang='lat'>2.</span> <span class='ocrx_word' id='word_1_306' title='bbox 750 2429 778 2460; x_wconf 82' lang='lat'>30.</span> 
     </span>
    </p>

    <p class='ocr_par' dir='ltr' id='par_1_18' title="bbox 74 2475 856 2638">
     <span class='ocr_line' id='line_1_33' title="bbox 97 2475 854 2528; baseline 0.009 -18"><span class='ocrx_word' id='word_1_307' title='bbox 97 2475 114 2521; x_wconf 84' lang='lat'>2)</span> <span class='ocrx_word' id='word_1_308' title='bbox 128 2478 156 2515; x_wconf 83' lang='lat' dir='ltr'>Cf.</span> <span class='ocrx_word' id='word_1_309' title='bbox 175 2480 227 2516; x_wconf 72' lang='lat' dir='ltr'>Fest,</span> <span class='ocrx_word' id='word_1_310' title='bbox 246 2480 266 2515; x_wconf 88' lang='lat' dir='ltr'>M</span> <span class='ocrx_word' id='word_1_311' title='bbox 279 2484 312 2515; x_wconf 80' lang='lat'>178</span> <span class='ocrx_word' id='word_1_312' title='bbox 332 2481 395 2516; x_wconf 82' lang='lat' dir='ltr'>L1oo</span> <span class='ocrx_word' id='word_1_313' title='bbox 416 2480 476 2525; x_wconf 81' lang='lat' dir='ltr'>itaque</span> <span class='ocrx_word' id='word_1_314' title='bbox 495 2479 521 2514; x_wconf 84' lang='lat' dir='ltr'>iu‘</span> <span class='ocrx_word' id='word_1_315' title='bbox 534 2480 608 2514; x_wconf 79' lang='lat' dir='ltr'>Numae</span> <span class='ocrx_word' id='word_1_316' title='bbox 626 2478 708 2523; x_wconf 74' lang='lat' dir='ltr'>Panapili</span> <span class='ocrx_word' id='word_1_317' title='bbox 723 2481 773 2527; x_wconf 76' lang='lat' dir='ltr'>ragis</span> <span class='ocrx_word' id='word_1_318' title='bbox 785 2481 854 2528; x_wconf 78' lang='lat' dir='ltr'>legibus</span> 
     </span>
     <span class='ocr_line' id='line_1_34' title="bbox 74 2531 856 2582; baseline 0.01 -18"><span class='ocrx_word' id='word_1_319' title='bbox 74 2531 161 2577; x_wconf 68' lang='lat' dir='ltr'>scruiluuc</span> <span class='ocrx_word' id='word_1_320' title='bbox 180 2546 226 2570; x_wconf 82' lang='lat' dir='ltr'>esse:</span> <span class='ocrx_word' id='word_1_321' title='bbox 245 2535 268 2570; x_wconf 84' lang='lat' dir='ltr'>‘si</span> <span class='ocrx_word' id='word_1_322' title='bbox 285 2535 375 2571; x_wconf 76' lang='lat' dir='ltr'>laticiucuz</span> <span class='ocrx_word' id='word_1_323' title='bbox 390 2536 467 2582; x_wconf 78' lang='lat' dir='ltr'>sccluua</span> <span class='ocrx_word' id='word_1_324' title='bbox 485 2535 550 2580; x_wconf 77' lang='lat' dir='ltr'>ausu,</span> <span class='ocrx_word' id='word_1_325' title='bbox 566 2546 588 2570; x_wconf 87' lang='lat' dir='ltr'>uc</span> <span class='ocrx_word' id='word_1_326' title='bbox 604 2537 662 2580; x_wconf 72' lang='lat' dir='ltr'>supra</span> <span class='ocrx_word' id='word_1_327' title='bbox 672 2546 736 2581; x_wconf 75' lang='lat' dir='ltr'>gaiana</span> <span class='ocrx_word' id='word_1_328' title='bbox 748 2536 826 2578; x_wconf 81' lang='lat' dir='ltr'>tallita&#39;;</span> <span class='ocrx_word' id='word_1_329' title='bbox 838 2541 856 2572; x_wconf 80' lang='lat' dir='ltr'>cl</span> 
     </span>
     <span class='ocr_line' id='line_1_35' title="bbox 74 2586 852 2638; baseline 0.014 -19"><span class='ocrx_word' id='word_1_330' title='bbox 74 2586 127 2622; x_wconf 85' lang='lat' dir='ltr'>alibi:</span> <span class='ocrx_word' id='word_1_331' title='bbox 140 2589 197 2625; x_wconf 72' lang='lat' dir='ltr'>‘larua</span> <span class='ocrx_word' id='word_1_332' title='bbox 209 2591 227 2626; x_wconf 84' lang='lat' dir='ltr'>si</span> <span class='ocrx_word' id='word_1_333' title='bbox 233 2591 318 2638; x_wconf 82' lang='lat' dir='ltr'>salaciae</span> <span class='ocrx_word' id='word_1_334' title='bbox 330 2592 397 2627; x_wconf 78' lang='lat' dir='ltr'>acciscat</span> <span class='ocrx_word' id='word_1_335' title='bbox 410 2595 440 2635; x_wconf 79' lang='lat' dir='ltr'>cst,</span> <span class='ocrx_word' id='word_1_336' title='bbox 453 2592 470 2626; x_wconf 86' lang='lat' dir='ltr'>ci</span> <span class='ocrx_word' id='word_1_337' title='bbox 482 2592 530 2627; x_wconf 82' lang='lat' dir='ltr'>iuria</span> <span class='ocrx_word' id='word_1_338' title='bbox 543 2592 595 2627; x_wconf 74' lang='lat' dir='ltr'>cicilia</span> <span class='ocrx_word' id='word_1_339' title='bbox 602 2591 852 2638; x_wconf 71' lang='lat' dir='ltr'>ficriaparlcl⁷.Plin.N.H</span> 
     </span>
    </p>
   </div>
   <div class='ocr_carea' id='block_1_17' title="bbox 1 2636 853 2696">
    <p class='ocr_par' dir='ltr' id='par_1_19' title="bbox 1 2636 853 2696">
     <span class='ocr_line' id='line_1_36' title="bbox 1 2636 853 2696; baseline 0.011 -21"><span class='ocrx_word' id='word_1_340' title='bbox 1 2652 4 2654; x_wconf 86' lang='lat'>·</span> <span class='ocrx_word' id='word_1_341' title='bbox 74 2641 89 2676; x_wconf 94' lang='lat' dir='ltr'>ll</span> <span class='ocrx_word' id='word_1_342' title='bbox 102 2648 135 2679; x_wconf 77' lang='lat'>145</span> <span class='ocrx_word' id='word_1_343' title='bbox 150 2645 240 2682; x_wconf 78' lang='lat' dir='ltr'>iaiuiucuc</span> <span class='ocrx_word' id='word_1_344' title='bbox 253 2648 279 2682; x_wconf 89' lang='lat' dir='ltr'>ila</span> <span class='ocrx_word' id='word_1_345' title='bbox 291 2648 418 2684; x_wconf 75' lang='lat' dir='ltr'>aaarciualuuc</span> <span class='ocrx_word' id='word_1_346' title='bbox 431 2648 512 2683; x_wconf 72' lang='lat' dir='ltr'>creinau&#39;</span> <span class='ocrx_word' id='word_1_347' title='bbox 519 2636 603 2695; x_wconf 76' lang='lat' dir='ltr'>far&#39;icaa</span> <span class='ocrx_word' id='word_1_348' title='bbox 616 2651 646 2691; x_wconf 79' lang='lat' dir='ltr'>est,</span> <span class='ocrx_word' id='word_1_349' title='bbox 659 2648 714 2683; x_wconf 71' lang='lat' dir='ltr'>taiadi</span> <span class='ocrx_word' id='word_1_350' title='bbox 725 2651 775 2683; x_wconf 76' lang='lat' dir='ltr'>iecra</span> <span class='ocrx_word' id='word_1_351' title='bbox 788 2649 853 2696; x_wconf 60' lang='lat' dir='ltr'>religia</span> 
     </span>
    </p>
   </div>
   <div class='ocr_carea' id='block_1_18' title="bbox 74 2699 136 2735">
    <p class='ocr_par' dir='ltr' id='par_1_20' title="bbox 74 2699 136 2735">
     <span class='ocr_line' id='line_1_37' title="bbox 74 2699 136 2735; baseline 0.081 -6"><span class='ocrx_word' id='word_1_352' title='bbox 74 2699 136 2735; x_wconf 78' lang='lat' dir='ltr'>tradit.</span> 
     </span>
    </p>
   </div>
   <div class='ocr_carea' id='block_1_19' title="bbox 75 2753 852 2863">
    <p class='ocr_par' dir='ltr' id='par_1_21' title="bbox 75 2753 852 2863">
     <span class='ocr_line' id='line_1_38' title="bbox 97 2753 852 2806; baseline 0.007 -15"><span class='ocrx_word' id='word_1_353' title='bbox 97 2753 115 2798; x_wconf 89' lang='grc'>3)</span> <span class='ocrx_word' id='word_1_354' title='bbox 127 2756 156 2794; x_wconf 83' lang='lat' dir='ltr'>Cf.</span> <span class='ocrx_word' id='word_1_355' title='bbox 172 2758 278 2803; x_wconf 87' lang='lat' dir='ltr'>Luehbert,</span> <span class='ocrx_word' id='word_1_356' title='bbox 296 2759 362 2795; x_wconf 76' lang='lat' dir='ltr'>Calata,</span> <span class='ocrx_word' id='word_1_357' title='bbox 376 2760 453 2806; x_wconf 67' lang='lat' dir='ltr'>Paulis„</span> <span class='ocrx_word' id='word_1_358' title='bbox 467 2771 485 2806; x_wconf 89' lang='lat' dir='ltr'>p.</span> <span class='ocrx_word' id='word_1_359' title='bbox 499 2763 531 2804; x_wconf 81' lang='lat'>513</span> <span class='ocrx_word' id='word_1_360' title='bbox 545 2760 728 2804; x_wconf 84' lang='lat' dir='ltr'>Pauly-Wissowa,</span> <span class='ocrx_word' id='word_1_361' title='bbox 741 2760 764 2796; x_wconf 83' lang='lat' dir='ltr'>R.</span> <span class='ocrx_word' id='word_1_362' title='bbox 778 2761 800 2796; x_wconf 88' lang='lat' dir='ltr'>E.</span> <span class='ocrx_word' id='word_1_363' title='bbox 814 2762 852 2805; x_wconf 90' lang='lat' dir='ltr'>Vll,</span> 
     </span>
     <span class='ocr_line' id='line_1_39' title="bbox 75 2813 255 2863; baseline 0.044 -21"><span class='ocrx_word' id='word_1_364' title='bbox 75 2818 90 2842; x_wconf 89' lang='lat' dir='ltr'>c.</span> <span class='ocrx_word' id='word_1_365' title='bbox 104 2813 148 2847; x_wconf 86' lang='lat'>2447</span> <span class='ocrx_word' id='word_1_366' title='bbox 163 2813 255 2863; x_wconf 88' lang='lat' dir='ltr'>(Thulin).</span> 
     </span>
    </p>
   </div>
   <div class='ocr_carea' id='block_1_20' title="bbox 10 0 1030 3214">
    <p class='ocr_par' dir='ltr' id='par_1_22' title="bbox 10 0 1030 3214">
     <span class='ocr_line' id='line_1_40' title="bbox 10 0 1030 3214; baseline 0 0"><span class='ocrx_word' id='word_1_367' title='bbox 10 0 1030 3214; x_wconf 95' lang='lat' dir='ltr'> </span> 
     </span>
    </p>
   </div>
  </div>
 </body>
</html>
