2051 3214
549 133 590 174 146

178 270 247 314 quare
271 257 379 300 sacrificia
399 256 492 312 fulguris
515 259 600 300 conditi
616 258 671 300 mire
689 263 814 312 congruunt
830 270 881 300 eum
898 260 964 301 sacri-

176 327 231 369 ficiis
255 327 281 368 iis
304 325 453 379 piacularibus
476 326 606 379 incruentis,
631 341 685 381 quas
709 326 816 381 originem
840 327 963 370 duxissee

177 395 250 438 culina
265 400 333 437 antea
348 395 530 436 commemoravi.

208 478 225 506 e.
243 462 300 506 Cum
321 464 449 505 nuntiatum
466 469 514 505 erat
537 477 549 505 e
571 464 655 507 coelo
677 464 823 518 lapidibus
844 464 962 518 pluisse,

177 532 246 574 feriae
267 545 307 586 per
327 544 409 574 novem
431 531 478 573 dies
495 532 625 585 agebantur,
642 539 700 574 teste
716 531 780 574 Livio
796 531 804 572 I
820 534 855 583 31,
872 539 964 586 totaque

128 642 133 649 ,
177 599 318 643 caeremonia
349 599 556 642 novemdiale
588 613 710 642 sacrum
742 601 871 643 vocabatur.
895 599 962 643 Cuius

176 669 234 711 sacri
254 668 311 710 ratio
331 668 386 710 haec
403 675 444 720 est,
460 667 483 709 ni
499 667 570 710 fallor.
587 668 695 724 Prodigiis
710 668 781 720 factis,
796 668 845 722 ipsa
860 675 963 722 portenta

177 737 320 791 aliquomodo
344 736 440 778 delenda
460 736 495 777 vel
516 737 680 792 exstinguenda
696 743 766 779 erant.
781 736 882 779 Monstra
896 738 963 780 inter-

176 806 315 855 ficiebantur,
339 805 498 859 mergebantur
522 806 659 861 androgyni,
683 806 785 847 bubones
802 806 963 847 combureban-

179 880 221 926 tur,
245 873 401 915 condebantur
424 872 516 927 fulguris
538 873 644 927 reliquiae
655 871 677 925 1).
698 874 773 927 Quare
787 873 897 927 lapidibus
907 886 963 926 ⁴cum

176 941 284 995 pluverat,
309 940 394 995 lapides
417 954 468 983 esse
492 942 595 992 conditos
620 956 632 983 a
653 956 706 984 vero
729 942 788 984 haud
804 941 870 997 longe
886 942 964 985 aberit.

176 1009 212 1051 Ex
228 1008 298 1051 altera
313 1015 380 1063 parte
392 1022 445 1051 vero
461 1009 569 1051 Romanis
585 1011 725 1052 consuetudo
741 1016 795 1061 erat,
810 1017 834 1052 ut
850 1009 963 1069 sepultura

177 1077 274 1120 hominis
294 1084 386 1130 peracta
399 1090 439 1131 per
455 1090 536 1119 novem
554 1078 601 1120 dies
618 1084 733 1119 servarent
748 1077 821 1129 ferias,
836 1078 872 1120 die
888 1084 962 1120 autem

177 1159 237 1188 nono
261 1146 394 1187 sacrificium
416 1152 506 1188 mortuo
530 1145 637 1197 iacerent,
661 1147 722 1201 quod
744 1146 883 1189 novemdiale
898 1160 962 1189 voca-

177 1216 232 1256 bant
241 1210 266 1268 ²),
289 1212 316 1255 ci.
340 1213 437 1269 August.
453 1213 478 1255 r'n
497 1212 550 1255 Gen,
567 1214 576 1254 Ι
591 1215 635 1256 283
651 1214 724 1256 nescio
739 1210 816 1256 arram
832 1214 965 1257 invematur

178 1282 250 1325 alicui
264 1289 393 1325 sanctoruni
410 1282 434 1324 in
450 1282 572 1337 scripturis
587 1283 720 1325 celebratum
734 1296 784 1330 esse⁴
793 1284 878 1325 lactum
887 1296 962 1325 novena

176 1350 231 1401 dies,
255 1350 314 1405 qnod
334 1350 398 1404 apud
412 1349 509 1392 Latinos
525 1349 667 1393 ‘novemdial'
685 1352 803 1405 appellant
818 1358 840 1393 et
856 1351 962 1404 Porphyr.

176 1420 204 1468 ad
236 1418 291 1461 Hor.
315 1419 385 1473 Epod.
409 1419 471 1460 XVII
492 1420 520 1460 48
545 1418 685 1461 novemdiale
707 1418 794 1461 dicitur
815 1419 962 1473 sucrificium,

175 1487 234 1541 quod
256 1493 341 1528 urorum
361 1487 396 1541 fit
418 1501 478 1529 rroun
501 1487 538 1529 die
561 1501 605 1542 qun
626 1488 729 1541 sepultus
749 1494 788 1531 est.
809 1486 961 1540 Novemdiaie,

175 1556 249 1611 igitur,
266 1568 316 1596 cum
331 1555 441 1608 lapidibus
458 1555 571 1609 pluvisset,
588 1556 672 1597 iactum
689 1569 739 1597 esse
755 1555 856 1610 analogia
871 1569 962 1598 novem-

176 1624 238 1666 dialis
261 1623 318 1665 sacri
341 1623 469 1676 sepulturae
485 1631 596 1677 peractae,
612 1624 672 1665 haud
688 1623 817 1665 incredibile
831 1624 878 1665 erit.
895 1623 962 1677 Quod

176 1694 194 1734 si
220 1705 304 1734 numen
328 1693 424 1746 quaeris,
448 1692 484 1733 cui
508 1691 649 1734 novemdiale
669 1705 757 1733 sacrum
781 1692 855 1742 fiebat,
879 1691 962 1734 Telluri

175 1761 247 1802 hostia
267 1760 352 1802 sactum
369 1774 419 1802 esse
435 1761 548 1804 existimo.
564 1760 654 1802 Etenim
668 1760 745 1801 Tellus
761 1760 861 1814 placatur
876 1767 923 1802 tum
939 1762 961 1801 in

176 1828 236 1870 cultu
253 1828 359 1879 manium,
377 1836 425 1870 tum
441 1835 514 1870 terrae·
530 1835 593 1870 motu
610 1829 719 1871 nuntiato.
937 1876 938 1879 Ἴ

200 1896 298 1950 filnter
320 1897 392 1939 varias
411 1897 580 1950 procurationes
604 1897 761 1938 lustratio
785 1909 875 1951 quoque
893 1896 960 1938 tradi-

175 1972 218 2007 tur,
235 1963 303 2006 Cuius
317 1966 350 2007 vis
365 1966 439 2007 nativa
454 1966 533 2007 eadem
549 1971 583 2007 est
600 1978 657 2019 quae
673 1965 841 2007 lustrationibus
858 1965 961 2006 omnibus

175 2034 240 2084 inest,
264 2034 456 2075 averruncationis
480 2034 538 2086 dico.
561 2032 629 2086 Quod
653 2033 712 2075 haud
736 2032 825 2074 difficile
847 2034 961 2086 probatur,

175 2100 263 2143 Etenim
292 2100 435 2143 lustrationes
459 2107 506 2143 tum
531 2102 650 2154 praecipue
672 2101 763 2154 fiebant,
786 2113 836 2142 cum
859 2099 905 2154 lupi
928 2099 961 2142 vel

175 2169 285 2220 bubones,
301 2168 416 2223 (funebres
433 2182 493 2220 aves,
510 2175 535 2210 ut
550 2175 646 2211 testatur
662 2168 745 2210 Plinius
761 2168 791 2212 Ν,
804 2168 833 2210 H.
847 2166 961 2224 X34)ap·

174 2232 329 2291 paruerant3).
346 2237 455 2279 Paulatim
472 2238 562 2278 veroin
578 2236 724 2290 procurandis
741 2237 847 2291 prodigiis
859 2236 961 2278 lustratio

175 2305 360 2359 significationem
382 2318 446 2346 suam
470 2305 568 2347 nativam
592 2305 666 2346 amisit
685 2311 707 2346 et
729 2305 812 2346 sensim
833 2305 961 2359 sensimque

176 2373 317 2414 caeremonia
341 2372 400 2415 facta
424 2379 459 2415 est
483 2386 544 2414 mere
566 2372 694 2426 placatoria,
718 2385 776 2426 quae
796 2371 882 2426 magnis
897 2371 961 2413 iactis

175 2439 281 2494 prodigiis
298 2441 462 2493 procurationis
478 2439 528 2482 loco
542 2440 602 2482 haud
619 2453 669 2481 raro
684 2440 809 2482 iubebatur.

201 2522 226 2561 g.
243 2507 279 2549 Ad
303 2509 456 2563 prodigiorum
479 2508 650 2561 procurationes
672 2507 740 2549 etiam
768 2507 959 2549 somniorum

199 2682 216 2728 1)
231 2680 258 2718 Cf,
273 2680 359 2725 Wiilker,
373 2682 384 2716 l.
398 2681 416 2722 l..
429 2692 447 2726 p.
461 2684 490 2716 39.

200 2738 218 2783 2)
232 2737 261 2772 Cf.
276 2738 306 2772 De
319 2738 398 2780 Marchi,
410 2737 431 2771 ll
442 2737 490 2771 celin
498 2736 581 2782 privato,
594 2749 612 2783 p,
627 2741 666 2773 197.

200 2796 220 2840 3)
234 2793 261 2828 Cr.
276 2792 362 2835 Wiilker,
375 2794 387 2828 l.
400 2793 419 2836 l,
432 2805 450 2839 p.
464 2797 487 2829 ³9
500 2798 520 2828 et
532 2798 561 2829 40.
