2051 3214
568 116 597 158 50

187 252 270 294 ponere
287 240 349 283 nefas
363 247 416 293 erat,
434 241 461 284 ci.
478 242 539 285 Serv.
557 245 586 287 ad
602 244 685 300 Vergil.
695 242 749 287 elea.
758 244 788 286 XI
803 239 851 288 339'
864 258 923 300 aqua
940 246 972 288 ad

188 322 255 353 saeua
276 309 352 352 Vestae
367 310 450 352 lausa
467 310 491 352 lu
507 318 567 354 terea
584 326 627 355 uau
638 312 744 368 paultur:
760 314 819 368 qued
832 312 912 366 sistat,
919 313 970 368 pla-

187 378 262 419 culum
285 384 323 419 est.
350 377 503 421 Conferendus
528 380 658 437 Lactantius
682 394 770 435 quoque
786 382 815 423 ad
831 380 888 423 Stat.
907 380 971 423 Tleeb.

189 444 301 498 V111297;
319 447 420 490 Donatus
437 449 465 490 ad
481 447 571 492 Terent.
588 449 661 492 Audr.
677 450 721 493 609
737 456 760 491 et
775 450 803 492 ad
818 448 905 492 Florae.
915 448 970 502 7463

188 513 268 556 Paulus
284 514 308 557 M
323 516 352 558 89
367 515 387 557 L
404 514 439 559 79.
456 517 477 558 8.
541 562 544 569 ,

218 650 257 692 Lis
270 658 305 693 est
318 652 376 694 inter
392 653 450 695 viros
467 654 553 705 doctos,
570 656 623 709 quid
639 656 682 697 sibi
697 654 749 697 velit
756 653 869 708 piaculum
878 654 900 696 ni
908 652 971 695 fallor

190 719 364 774 antiquisimum,
389 721 447 763 eibi
470 721 629 776 prolapsi,
653 724 681 764 de
705 736 749 777 quo
773 722 882 778 quaedam
903 734 971 763 anno-

189 787 244 828 tavit
259 786 341 830 Plinius
357 788 387 832 Ν.
404 789 433 831 H.
449 789 542 832 XXVIII
558 790 593 832 27:
610 790 672 832 cibus
688 791 755 832 etlaue
772 805 782 832 e
797 804 866 832 ruauu
880 791 971 845 prolap-

189 868 230 896 sus
244 855 381 898 reddebatur
395 856 471 912 utique
483 863 525 912 peu
540 872 636 911 meuses,
651 859 798 914 vetabantque
805 858 971 901 ueuudlu'aeuru

190 936 261 965 euersa
285 924 371 977 deflare
394 931 416 967 et
434 932 491 967 suae
512 926 602 968 eaudlta
618 926 718 981 auguria
734 926 791 982 quid
805 926 903 982 loquenti
917 925 972 980 cugl-

190 991 277 1034 tautlue
292 992 319 1033 ld
333 992 454 1043 acredula
470 993 530 1035 lutee
546 995 722 1046 eueeeatlsslrua,
737 995 759 1036 sl
767 993 875 1050 pontifici
883 994 974 1036 accidat

190 1058 249 1101 dlels
266 1073 337 1103 causa
359 1062 474 1116 epulanti,
491 1061 515 1104 lu
531 1076 607 1104 meuse
623 1062 699 1117 relique
715 1063 741 1104 la'
753 1062 832 1116 repaul
846 1062 973 1117 adolerique

191 1128 223 1169 acl
244 1128 327 1170 Laeeua
348 1129 422 1184 piatio
445 1136 484 1172 est.
506 1129 573 1183 Quod
589 1131 720 1173 sacrificium
737 1131 900 1173 subobscurum
914 1130 972 1172 Wis-

191 1209 257 1248 sowa,
267 1197 294 1238 R.
304 1193 351 1249 ΚΡ,
367 1212 388 1251 p.
399 1199 441 1242 162
450 1199 481 1240 sic
490 1198 587 1251 explieat
597 1231 607 1253 „
619 1232 623 1240 .
633 1228 637 1239 .
648 1198 696 1240 ‚aa
705 1199 773 1254 jeder
788 1199 899 1241 Malleelt
912 1199 974 1240 stela

191 1278 245 1307 ulau
266 1278 317 1307 euru
339 1264 421 1308 llaalee
439 1264 485 1319 fur
507 1266 584 1321 Spelse
606 1268 656 1308 uual
674 1266 749 1309 Teaul
765 1267 808 1309 deu
823 1267 921 1309 Peuatea
937 1267 973 1308 eiu

188 1333 298 1388 gesulltes
322 1334 480 1378 Seuusseuleu
504 1332 620 1391 (parata)
642 1333 689 1388 auf
705 1335 747 1377 deu
763 1335 827 1377 Heud
842 1335 894 1377 ader
908 1334 974 1389 ullust

192 1402 249 1444 auel
272 1402 336 1444 lleeu
351 1402 430 1445 elatea
443 1417 474 1445 au
490 1403 533 1445 deu
549 1403 640 1458 Spelseu
654 1403 678 1445 lu
691 1403 734 1445 dar
747 1402 887 1457 Herdfeleee;
903 1402 973 1445 darell

192 1469 265 1512 aleses
279 1468 350 1525 Opsee
365 1471 440 1513 eeualt
454 1470 491 1512 dle
501 1469 872 1526 Gesaeutlaellderaufgetrageueu
880 1471 972 1526 Spelseu

113 1543 114 1550 ¹
193 1539 241 1580 elue
255 1538 359 1593 relegit‘se
380 1538 453 1581 Welle
468 1539 517 1581 aud
531 1539 612 1581 daeuul
628 1537 713 1592 bedaes
721 1552 750 1590 es,
765 1553 829 1581 weuu
843 1540 878 1582 ela
891 1539 973 1581 Blsseu

192 1620 234 1648 vau
251 1606 319 1648 lleueu
334 1620 376 1648 aue
391 1607 451 1648 Euae
461 1606 528 1660 salli,
545 1606 606 1648 elau
621 1605 739 1661 Sauuuug,
756 1606 793 1648 dle
807 1607 831 1648 lu
845 1608 885 1649 deu
903 1607 974 1650 Welse

193 1674 281 1729 eesolgt,
303 1675 360 1717 ausa
379 1675 420 1717 dee
433 1675 522 1725 Blsseu,
540 1675 595 1717 auae
607 1675 722 1730 gerelulgt
735 1689 764 1717 eu
779 1676 874 1725 aulaea,
890 1674 972 1716 wieder

151 1769 153 1771 v
193 1741 241 1796 auf
259 1743 302 1785 deu
329 1742 394 1785 Tlsele
413 1745 489 1798 gelegt
511 1744 560 1785 uuel
582 1744 645 1785 dauu
662 1743 692 1785 eu
708 1742 836 1797 Heudseueu
850 1743 974 1785 aeebeauut

193 1809 275 1853 ualud.”
298 1812 349 1854 Non
373 1812 451 1854 dubito
475 1812 527 1866 quin
549 1812 622 1865 ipsum
645 1811 739 1853 Plinium
763 1812 781 1854 si
803 1813 972 1866 interrogasses,

193 1880 246 1934 quid
270 1881 298 1922 de
313 1880 356 1922 hoc
371 1879 458 1934 piaculo
474 1881 573 1931 sentiret,
588 1880 647 1921 haud
664 1879 758 1922 multum
775 1893 787 1921 a
803 1878 914 1921 Wissowa
930 1879 972 1921 dis-

194 1949 306 1990 sensisset.
336 1948 425 1990 Etenim
459 1961 510 1990 cum
542 1954 630 1990 constet
660 1947 774 1989 Romanos
805 1959 973 2001 nonnumquam

193 2029 268 2058 sacras
283 2015 363 2058 fecisse
380 2029 469 2058 mensas
478 2015 598 2057 salmurum
608 2015 711 2069 appositu
719 2021 741 2057 et
749 2015 872 2057 simulacris
880 2015 973 2057 deorum

194 2082 288 2140 (Arnob.
312 2084 364 2126 adu.
387 2090 434 2126 uat.
458 2082 537 2138 1167),
560 2083 647 2137 patellis
671 2084 778 2137 primitias
799 2084 832 2126 dis
856 2096 907 2125 cum
928 2083 974 2125 sale

194 2152 300 2194 obtulisse
317 2150 431 2208 (Porphyr.
448 2153 477 2195 ad
492 2151 547 2193 Hor.
566 2149 606 2194 Od.
622 2151 640 2193 II
657 2151 690 2193 16.
709 2149 752 2206 13),
766 2163 822 2193 cena
834 2151 894 2193 edita
902 2150 974 2192 subla-

193 2220 266 2274 tisque
289 2220 380 2272 mensis,
397 2232 453 2274 quae
469 2220 497 2261 de
514 2232 568 2261 cena
584 2218 651 2261 libata
667 2226 749 2270 essent,
766 2221 794 2261 ad
810 2219 885 2260 focum
898 2217 974 2260 tulisse

194 2294 216 2330 et
241 2285 329 2330 dedisse
352 2289 374 2330 in
397 2289 480 2343 ignem,
504 2300 548 2342 quo
569 2288 623 2329 deos
645 2287 765 2329 redderent
779 2287 887 2340 propitios
903 2285 974 2342 (Serv.

112 2398 114 2403 ,
195 2349 224 2398 ad
238 2355 306 2410 Vcrg.
323 2355 378 2398 Aea.
394 2355 403 2397 1
419 2354 478 2411 730),
494 2356 542 2397 iure
555 2355 598 2397 dici
611 2361 693 2408 potest,
707 2355 830 2408 generatim
842 2354 975 2408 pertinuisse

195 2436 263 2465 cenas
287 2424 315 2466 ad
339 2424 422 2466 cultum
445 2424 556 2478 privatum
580 2429 602 2464 et
618 2422 774 2474 domesticum,
790 2424 812 2464 in
829 2435 873 2476 quo
889 2423 907 2462 si
922 2422 975 2476 quid

194 2492 252 2533 sacri
275 2497 322 2533 erat
346 2493 497 2545 commissum,
522 2492 544 2534 di
564 2499 657 2545 penates
678 2490 765 2545 piaculo
789 2495 852 2532 erant
866 2488 976 2542 placandi

194 2559 275 2600 Larem
299 2566 380 2612 autem,
402 2561 430 2603 de
446 2574 490 2615 quo
506 2560 603 2615 loquitur
617 2559 707 2611 Plinius,-
722 2558 836 2612 penatium
852 2557 899 2598 vice
914 2556 976 2611 fungi

194 2628 259 2672 variis
282 2631 416 2683 scriptorum
439 2629 571 2671 testimoniis
594 2627 704 2669 Wissowa
727 2626 836 2679 probavit.
860 2623 919 2667 Sane
934 2624 976 2666 alia

195 2698 295 2753 quaestio
320 2704 360 2748 est,
378 2697 431 2751 quid
453 2697 495 2751 ipsi
518 2696 613 2737 Romani
633 2696 661 2737 de
677 2694 740 2736 Laris
757 2692 843 2747 piaculo
859 2692 975 2738 senserint,

194 2767 236 2809 alia
252 2772 327 2809 autem
344 2767 404 2808 unde
420 2764 484 2807 Laris
500 2763 610 2817 piaculum
624 2761 753 2805 naturaliter
766 2762 873 2816 orIginem
883 2760 977 2802 duxerit.
