2051 3214
563 148 604 191 100

188 275 312 329 posteriore
327 279 430 327 tempore
444 275 490 317 iarn
504 287 550 318 non
565 274 760 325 internoscebant;
770 279 792 315 et
800 274 876 316 omnia
884 273 976 316 omnino

187 345 276 386 turbata
293 349 375 393 essent,
392 344 434 384 nisi
448 343 525 385 Livius
534 357 581 385 rem
590 342 654 385 valde
662 342 788 384 intricatam
798 341 939 385 enucleasset
950 339 974 398 ¹).

188 411 288 454 Mirabile
311 424 365 452 sane
390 417 430 462 est,
454 411 551 466 graviter
572 425 658 453 errasse
675 411 745 452 virum
762 410 885 452 divinarum
901 424 975 453 rerum

188 479 355 533 peritissimum,
372 478 496 533 Vergilium
513 480 564 522 dico
579 478 634 521 Aere.
651 478 681 520 Vl
697 478 748 529 859,
764 490 814 519 cum
832 478 861 520 de
869 477 976 521 Marcello

190 553 291 590 caneret:
864 558 866 560 ·

248 658 358 713 tertiaque
372 671 438 699 arrua
451 657 517 712 patri
532 658 653 713 suspendit
667 662 733 712 copta
756 655 775 710 Q
784 671 799 698 u
809 657 838 699 ir
846 656 855 699 i
863 672 877 699 u
886 671 903 699 o,

189 766 262 821 Quem
286 768 377 823 Vergilii
400 781 499 810 errorem
521 768 611 811 Servius
632 768 690 810 hunc
706 767 780 809 locum
796 767 910 821 explicans
927 768 975 820 ipse

188 837 283 878 errando
299 836 386 891 planius
402 835 488 890 profert
502 837 525 878 in
540 836 625 879 lucem:
639 842 761 891 possumus
777 842 803 886 et,
820 836 879 891 quod
892 842 925 877 est
932 850 975 878 me-

188 903 241 956 lius‚
256 904 378 946 secuudum
394 906 463 959 legem
479 904 569 946 Nurrcae
584 904 643 946 lium
658 906 728 947 loerem
745 905 848 959 accipere,
864 904 904 960 qui
907 911 974 959 prae-

188 972 246 1027 cipit
256 973 334 1027 prima
350 972 425 1028 opima
440 973 514 1028 spolio
530 973 579 1015 Iovi
594 973 693 1015 Feretrio
709 973 907 1027 deberesuspeudi,
917 974 976 1028 quool

189 1040 236 1083 iam
261 1041 371 1083 Romulus
390 1040 492 1095 fecerat;
515 1041 615 1083 rectruda
637 1041 716 1091 Marti,
734 1042 793 1096 quod
810 1039 891 1083 Cossus
902 1040 974 1095 feeit,

190 1109 259 1151 tertia
282 1109 384 1163 Quiriuo,
409 1111 469 1165 quod
485 1109 551 1163 jecit·
568 1110 735 1153 Marcellus...
753 1110 817 1152 oarie
832 1111 859 1151 de
875 1109 913 1151 leoc
929 1111 973 1152 loeo

189 1183 291 1219 tractaret
305 1184 492 1228 commentatores,
509 1178 599 1220 Numae
614 1177 672 1232 legis
685 1178 828 1228 immemores,
843 1177 975 1231 cuiussucit

189 1245 320 1288 rueuliouem
344 1252 366 1287 et
387 1246 469 1288 Liuius
489 1244 527 1303 (cf.
547 1246 645 1300 perioch.
666 1246 703 1289 lib.
719 1244 777 1303 XX).
801 1246 846 1289 Sed
862 1253 885 1288 et
900 1246 973 1288 Varro

190 1314 244 1355 mihi
264 1314 351 1357 videtur
366 1313 454 1356 Numae
469 1315 523 1370 legis
539 1314 610 1368 spolia
626 1329 639 1356 a
654 1314 744 1357 Romuli
759 1314 835 1368 spoliis
851 1327 896 1357 non
912 1320 973 1356 recte

189 1382 330 1435 diiudicasse,
354 1385 414 1437 quod
437 1383 548 1425 indicatur
564 1382 694 1437 fragmentis
710 1382 771 1425 Festi
787 1382 810 1424 M
827 1384 869 1425 189
885 1382 905 1424 L
921 1383 971 1433 202,

189 1450 227 1505 qui
242 1457 289 1494 tum
306 1450 348 1492 alia
364 1457 411 1493 tum
428 1451 536 1493 Varronis
552 1452 620 1493 verba
636 1450 710 1501 refert,
727 1464 784 1505 quae
797 1450 882 1492 utinam
896 1457 972 1492 essent

188 1520 262 1561 minus
278 1520 373 1574 graviter
390 1519 502 1562 mutilata:
516 1520 576 1561 uredo
587 1519 661 1574 spolia
674 1532 757 1574 quoque
772 1518 973 1574 quaeduupopuli

188 1587 287 1629 Romami
309 1588 363 1630 dicei
384 1587 481 1630 leoslium
506 1587 621 1638 detrarit;
636 1601 729 1642 quorum
746 1593 812 1629 tauta
827 1587 915 1629 raritas
931 1592 970 1636 est,

189 1661 215 1696 ut
235 1655 297 1697 iutra
313 1669 385 1698 arruos
397 1657 512 1710 paulo...
529 1655 591 1697 triua
607 1655 743 1709 eoretigeriut
757 1654 843 1697 morciaci
859 1655 971 1696 Roruauo:

188 1737 236 1764 uua
251 1736 308 1777 picae
324 1723 434 1766 Rorrrulus
449 1724 476 1765 de
491 1723 588 1774 Aeraria,
597 1724 670 1765 altera
678 1725 822 1778 quaecousul
831 1721 912 1765 Cossus
922 1721 971 1765 Cor-

189 1791 264 1833 uelius
279 1791 306 1833 cle
325 1791 452 1842 Tolumnio*
468 1792 536 1833 tertia
548 1804 605 1847 quae
618 1791 649 1833 M.
659 1791 783 1834 Marcellus
791 1791 819 1832 ele
832 1790 972 1833 Viridomaro

189 1858 238 1901 lovi
258 1850 358 1901 Feretrio
367 1856 384 1915 2)
406 1859 519 1914 flueruut.
542 1860 572 1901 M.
600 1859 669 1901 Varro
686 1859 722 1901 ait
736 1859 810 1914 opima
826 1859 900 1914 spolio
917 1872 970 1909 esse,

189 1927 256 1969 etiam
272 1928 295 1969 si
307 1927 462 1982 manipularis
475 1927 539 1970 miles
547 1928 679 1979 detraxerit,
689 1928 806 1969 dremmoelo
815 1927 868 1969 duci
875 1926 971 1969 leostium

189 2079 232 2107 uou
248 2065 301 2115 siut,
319 2065 351 2106 ael
366 2065 441 2106 aedem
458 2064 518 2106 louis
534 2064 621 2106 Feretri
632 2064 694 2119 porei,
711 2063 835 2106 testimouia
849 2063 972 2105 esselibros

185 2131 334 2186 poutifieum,'
351 2132 375 2174 iu
389 2131 470 2187 quibus
476 2131 520 2172 sit:
525 2138 567 2186 pro
572 2131 657 2186 primis
665 2131 744 2185 spoliis
753 2132 809 2181 bove,
816 2137 858 2186 pro
866 2131 972 2173 secuudis

188 2199 363 2251 solitaurilibus,
378 2206 420 2254 pro
436 2199 510 2241 tertiis
523 2213 581 2253 agua
591 2198 681 2253 publice
686 2198 744 2253 fieri
751 2199 839 2249 lebera
848 2213 895 2241 esse
903 2200 971 2241 etiam
1024 2215 1026 2217 ’

188 2267 285 2322 Pompili
299 2268 361 2322 regis
368 2269 437 2322 legem
446 2267 568 2322 opimorum
577 2267 698 2321 spoliorum
708 2268 775 2309 talem
782 2280 789 2310 :
796 2266 862 2308 cur'as
870 2266 971 2321 auspicio

188 2342 226 2377 eet.
243 2336 328 2391 Legem
343 2338 415 2390 ipsam
432 2337 483 2378 vide
499 2349 567 2390 supra
582 2350 603 2389 p.
620 2337 656 2379 99.
674 2335 737 2389 Quae
751 2341 855 2378 truncata
862 2335 971 2377 Varronis

189 2404 256 2446 verba
279 2411 303 2446 ut
326 2404 405 2446 melius
428 2402 544 2458 intelligas,
565 2404 588 2446 id
604 2403 626 2444 in
643 2404 774 2445 memoriam
792 2417 897 2445 revocare
912 2404 971 2445 haud

189 2471 229 2513 erit
250 2470 333 2523 inutile,
353 2472 414 2514 litem
432 2471 501 2513 fuisse
516 2472 574 2513 inter
589 2471 744 2513 Romanorum
760 2471 865 2514 historiae
880 2472 971 2524 peritos,

212 2635 229 2681 1)
242 2637 263 2672 ln
282 2637 331 2673 libro
350 2637 395 2681 XX,
416 2638 444 2673 uti
464 2637 535 2673 collato
554 2636 607 2672 Serv.
627 2637 651 2673 ad
673 2637 729 2683 Verg.
749 2636 795 2672 Aere.
809 2637 834 2673 VI
847 2640 881 2674 859
900 2638 971 2683 probat

188 2692 274 2735 Norden,
288 2692 300 2727 l.
312 2693 336 2737 l.;
349 2693 464 2730 Plutarchus
477 2692 539 2728 Marc.
552 2697 562 2728 8
575 2694 653 2729 Livium
666 2693 731 2736 refert,
745 2695 765 2729 ni
778 2693 839 2729 fallor.

211 2748 228 2794 2)
242 2748 336 2785 Ordinem
348 2750 453 2785 verborum
466 2750 546 2793 mutavi,
561 2750 615 2785 cod:
630 2748 732 2784 Marcellus
745 2748 788 2784 Ioui
797 2749 880 2785 Feretrio
890 2750 911 2785 cle
923 2749 971 2785 Viri-

188 2804 263 2840 elomaro
271 2806 364 2851 fiueruut.
