2051 3214
577 127 605 170 66

201 251 255 294 mihi
274 252 350 294 videor
373 250 514 305 lepidissimis
538 251 580 295 illis
603 253 709 305 versibus,
727 253 807 308 quibus
823 253 913 297 Plautus
931 252 982 311 (Ep.

203 316 253 377 139)
269 319 393 363 Romanam
411 320 558 363 succidaneae
574 322 711 376 disciplinam
728 321 853 364 cavillatur:
867 348 868 351 =

261 427 311 455 aneu
324 394 466 468 piacularem
482 419 567 468 oportet
577 414 635 469 fieri
650 416 673 458 od
689 414 814 458 stultitiam
832 421 901 467 tuden,

261 488 288 523 ut
302 495 373 524 rneurn
390 488 476 536 tergun
494 488 546 524 tuae
561 483 674 526 stultitiae
688 483 774 526 subdas
789 483 965 526 succidaneam?

231 626 310 669 Restat
326 633 350 669 ut
366 627 395 669 de
411 639 525 669 sacrorum
542 628 758 671 instauratione
774 628 884 682 quaedam
901 627 982 671 dicam.

202 693 259 736 Nam
282 707 328 737 non
351 702 438 738 tantum
462 695 568 739 sacrificia
591 697 678 751 piaculo
701 699 823 740 commisso
846 697 983 739 aRomanis

201 763 345 816 iterabantur,
368 764 409 806 sed
432 769 454 806 et
477 763 520 806 alia
543 778 606 807 sacra
628 772 651 808 et
672 766 833 817 caeremoniae,
847 766 900 821 quin
916 766 983 807 etiam

202 830 321 873 multarum
345 831 430 874 dierum
452 832 560 875 solemnia
581 841 603 876 et
617 833 670 886 ludi,
687 834 714 876 cfr
731 834 779 876 Liv.
796 833 818 875 V
833 834 868 876 52.
885 835 899 876 9
914 847 982 875 reeor-

202 899 335 945 damini...
364 900 465 955 quotiens
487 915 554 943 saera
578 902 739 954 instaurentur,
765 902 820 958 quia
843 901 933 956 uli'quid
955 915 984 942 en

199 968 277 1022 patrio
300 968 347 1011 ritu
371 968 512 1024 neglegentia
536 983 617 1012 casuue
633 970 820 1025 praeterreaissuur
842 977 881 1021 est,
898 977 920 1012 et
937 969 982 1012 Cic.

202 1036 229 1077 de
244 1036 293 1078 leur.
309 1043 366 1092 resp.
383 1039 409 1079 21
427 1037 496 1079 audio
508 1038 589 1093 quibus
601 1038 648 1081 diis
656 1038 748 1081 uiolatis
756 1038 856 1093 expiatio
864 1038 983 1080 debeatur:

201 1104 243 1146 sed
256 1104 370 1147 dominura
385 1118 442 1160 quae
457 1106 481 1147 ob
497 1105 579 1148 delicta
591 1120 679 1161 quaero.
697 1105 769 1149 ‘ludos
777 1106 854 1148 uinus
862 1106 984 1160 diligenter

203 1186 250 1214 esse
260 1171 338 1225 saetas
349 1172 503 1228 pollutosque',
520 1188 574 1229 areos
589 1175 672 1216 ludos?
686 1181 706 1216 te
721 1175 815 1230 appello,
829 1174 924 1217 Lentule
939 1173 984 1228 (tui

202 1240 324 1283 sacerdotii
338 1248 395 1283 suut
408 1237 489 1292 tensae,
504 1242 624 1294 curricula,
635 1242 769 1297 praecentio,
785 1241 841 1292 ludi,
857 1241 981 1291 libationes,

204 1311 323 1364 epulaeque
346 1310 449 1357 ludoruru
469 1309 617 1364 publicorum)
641 1324 720 1366 uosque
739 1310 865 1365 porutifiees,
883 1309 916 1352 ud
930 1323 984 1364 qreos

204 1379 307 1432 epulones
331 1377 390 1419 Iovis
413 1376 498 1432 Optiuri
518 1378 624 1429 Mariani,
641 1378 663 1421 si
678 1379 734 1434 quid
748 1385 783 1420 est
794 1378 982 1433 praetermissum

203 1451 246 1487 aut
267 1446 414 1496 eouaueissurn,
439 1446 546 1499 afferunt,
568 1460 660 1501 qnoruru
676 1447 703 1489 de
718 1447 831 1489 sententia
847 1446 890 1488 illa
906 1446 982 1488 eadern

202 1520 310 1556 renovata
325 1520 391 1568 atque
406 1514 538 1556 instaurata
553 1515 705 1565 celebrantur;
720 1514 761 1570 qui
774 1521 831 1556 sunt
842 1514 893 1556 ludi
906 1513 982 1555 rreinns

203 1581 324 1636 diligenter
340 1581 421 1635 faeti?
440 1590 523 1637 quanto
546 1589 588 1625 aut
607 1597 648 1638 quo
671 1584 751 1625 scelere
762 1582 910 1637 pollutitDe
927 1594 982 1623 voce

202 1650 250 1704 ipsa
266 1649 448 1701 instaurationis,
467 1651 516 1692 vide
532 1651 629 1694 Macron.
646 1650 694 1694 Sat.
711 1651 720 1692 I
737 1653 771 1693 11.
788 1651 801 1693 5
816 1649 982 1692 instauratieus

203 1718 277 1760 dictus
292 1724 326 1760 est
340 1732 383 1760 nou
399 1733 413 1760 a
424 1719 534 1773 patibulo,
551 1719 578 1760 ut
592 1718 684 1774 quidaru
695 1725 786 1774 putant,
804 1717 886 1761 Graeco
895 1717 983 1760 uoneine

202 1786 242 1829 dul
266 1788 300 1829 τοῦ
324 1788 414 1840 σταυροῦ,
437 1788 478 1830 sed
497 1802 511 1829 a
532 1787 729 1843 redintegratione,
744 1794 771 1828 ut
791 1787 888 1830 Varroni
899 1788 980 1841 placet,

202 1855 242 1910 qui
256 1856 388 1897 instaurare
402 1856 437 1897 ait
451 1869 499 1915 esse
514 1856 589 1898 instar
604 1870 690 1898 reovare.
703 1854 766 1910 Quae
780 1868 915 1910 quamquam
931 1867 981 1897 vera

203 1937 248 1966 non
272 1930 323 1966 sunt
334 1920 356 1976 ¹),
380 1931 456 1978 aperte
478 1932 554 1966 tamen
575 1925 730 1967 demonstrant
746 1922 923 1966 instaurationis
937 1923 981 1964 vim
1010 1953 1011 1956 ,

202 1993 233 2034 ita
249 2005 359 2044 manasse,
376 1999 400 2035 ut
416 1993 538 2047 generatim
553 1992 718 2035 renovationem
734 1992 875 2047 significaret.
897 2029 899 2033 .

233 2116 354 2160 Causae
377 2131 431 2160 cur
452 2118 609 2160 solemnia
630 2124 831 2160 renoventur
851 2118 892 2159 hae
916 2123 980 2159 sunt:

202 2185 294 2239 pollutio
308 2187 337 2228 ob
354 2186 425 2228 scelus
442 2187 599 2242 commissum3
615 2187 667 2229 vitia
683 2193 705 2228 et
719 2185 872 2241 neglegentiae
887 2186 980 2236 rituum;

202 2254 333 2308 interruptio
339 2267 344 2306 ς
360 2254 466 2310 prodigia.

203 2340 205 2343 ⁴
232 2336 251 2364 a.
275 2322 479 2365 instauratio
503 2323 539 2365 ob
562 2322 787 2376 pollutionem.

231 2390 360 2433 Pollutionis
383 2404 450 2433 eausa
473 2403 536 2433 sacra
559 2391 660 2432 renovari
680 2390 794 2433 Ciceronis
815 2391 883 2432 verba
899 2392 981 2433 docent

203 2460 271 2501 modo
286 2459 352 2501 allata
368 2460 396 2501 de
410 2459 458 2502 dur.
475 2466 531 2514 resp.
548 2460 583 2501 21.
598 2459 675 2501 Ludos
688 2458 772 2501 scelere
780 2458 877 2513 pollutos
885 2453 981 2512 ideoqrie

202 2528 336 2569 instauratos
361 2527 394 2569 bis
418 2533 493 2569 narrat
516 2527 598 2568 Livius.
621 2526 688 2569 Anno
712 2527 755 2569 263
779 2541 797 2569 a.
807 2540 828 2571 u.
838 2540 856 2568 c.
880 2527 980 2568 nondum

203 2595 324 2637 commisso
339 2594 466 2649 spectaculo
481 2602 545 2648 pater
560 2594 654 2637 familias
668 2594 758 2649 quidam
772 2607 860 2637 servum
869 2595 911 2636 sub
918 2593 981 2635 furca

202 2676 292 2705 caesum
307 2663 381 2706 medio
397 2670 472 2718 egerat
489 2664 555 2714 circo,
571 2662 630 2705 velut
646 2677 671 2705 ea
687 2676 722 2704 res
738 2662 790 2704 nihil
806 2663 835 2705 ad
851 2661 980 2719 religionem

203 2750 299 2757 *-

227 2787 244 2833 1)
258 2788 286 2825 cf.
299 2788 374 2824 Walde.
387 2787 428 2823 Lat.
441 2791 492 2834 etyrn
511 2787 611 2832 Wdrterbfl,
624 2799 642 2833 p.
656 2790 690 2824 650
703 2787 714 2825 i.
722 2799 739 2826 n.
753 2792 867 2824 restaurare.
