2051 3214
83 265 157 304 nostra
185 258 284 296 versatur
313 251 446 293 dissertatio.
475 249 576 293 Sufficiat
598 250 640 293 hoc
663 249 713 293 loco
738 251 866 303 adnotasse,

82 324 166 384 piacula
190 334 239 364 esse
262 319 376 370 sacrificia,
400 327 458 373 quae
481 318 535 360 fiant
559 320 588 361 ob
608 332 672 361 sacra
693 319 803 373 quaedam
821 320 867 361 sive
888 345 890 351 ·

83 392 201 438 commissa
224 389 270 430 sive
295 386 463 429 committenda.
488 385 509 427 A
529 386 621 440 piaculo
642 394 724 438 autem,
741 387 783 429 hoe
800 400 868 429 sensu

82 466 194 514 usurpato,
218 456 309 498 minime
325 456 368 496 vim
386 461 408 497 et
424 454 608 510 significationem
620 455 761 510 placationis
776 455 867 497 deorum

1 515 13 571 1³³¹]-
82 544 130 573 esse
146 527 246 576 alienam,
263 532 311 567 tum
328 538 354 565 ea
367 524 472 575 indicant,
487 537 543 577 quae
557 524 629 566 adhuc
644 523 810 577 explicavimus,
820 531 867 566 tum

82 599 235 640 demonstrant
259 606 292 644 ea,
317 605 374 647 quae
397 592 465 633 habet
488 591 564 633 Livius
585 591 646 633 XXII
662 591 713 634 9.7
738 591 763 645 Q.
780 592 867 634 Fabius

82 663 199 708 Mammas
220 660 318 702 dictator
337 660 418 701 iterum
434 673 475 715 quo
492 659 528 701 die
544 660 705 715 magistratum
722 660 777 702 iaiit
791 666 867 703 vocato

2 757 6 786 ς
18 758 31 763 ==
81 738 167 782 seuam,
185 730 211 771 ab
228 729 265 771 dis
281 742 351 779 orsas,
369 741 418 769 cum
435 727 560 769 edocuisset
570 734 651 782 patres
663 729 719 782 plus
727 728 866 784 uegligeutia

0 786 19 844 [²⁵¹>
81 798 266 843 caerimoniarum
283 795 476 851 auspiciorumque
491 809 558 851 quam
568 796 691 838 temeritate
699 803 765 852 atque
773 796 867 838 iuscitr'a

78 873 191 924 peccatum
207 880 221 907 a
247 864 269 907 C.
279 864 393 907 Flamim'o
408 866 497 906 causale
512 878 558 906 esse
566 860 588 920 ¹),
602 877 701 919 quaeque
710 864 805 919 piacula
819 864 868 906 irae

82 937 145 978 deum
162 939 236 976 esseut
250 934 310 988 ipsos
325 933 376 974 deos
390 932 536 974 coasuleados
552 945 604 982 esse,
618 932 717 986 pervicit
731 939 769 974 at.
778 965 795 974 ..
813 932 866 987 Qui-

1 1017 24 1058 ἔζη
81 1006 122 1046 bus
136 1000 271 1056 praemissis,
289 1001 417 1043 testimonia
433 1001 471 1042 ubi
487 1001 514 1042 de
530 1001 590 1042 hisce
603 1001 696 1042 deorum
705 1000 867 1054 placationibus

82 1072 152 1126 agitur
169 1070 280 1123 expressis
296 1069 376 1120 verbis,
393 1069 469 1111 omnia
484 1070 627 1110 enumerabo.

110 1137 166 1180 Cato
189 1138 216 1179 de
239 1128 297 1191 aga
314 1138 355 1180 139
376 1143 442 1191 porco
462 1137 554 1197 piaculo
572 1135 691 1190 facito...
714 1143 734 1179 te
749 1137 788 1179 laoc
800 1144 866 1192 porco

1 1197 6 1218 ³³
81 1206 171 1260 piaculo
195 1205 329 1248 immolaudo
352 1205 421 1246 bouus
438 1211 514 1259 preces
526 1206 632 1260 precor.
643 1212 735 1247 .macte
750 1205 788 1247 lcoc
800 1212 866 1260 porco

79 1273 169 1328 piaculo
186 1273 320 1316 immolaado
337 1279 386 1324 esto,
407 1274 492 1316 140l
466 1275 536 1327 altero
548 1273 668 1328 piaculo..
677 1273 774 1327 ,facita
794 1275 866 1315 14.14

19 1370 20 1374 ,
82 1348 101 1382 te
117 1341 176 1382 laisce
190 1341 331 1384 suovetauril
321 1339 381 1384 libus
393 1341 512 1396 piaculo..
522 1349 564 1384 .te
578 1342 616 1384 lmc
629 1348 695 1396 porco
707 1342 805 1397 piaculo

2 1402 19 1459 J
110 1407 155 1450 Cic.
180 1409 207 1450 cle
229 1410 270 1463 leg.
293 1408 354 1452 1157
379 1416 401 1451 et
411 1416 476 1464 porco
488 1409 580 1463 semiaa
593 1410 710 1464 piaculum
723 1410 789 1465 pati:
805 1410 827 1452 si
842 1409 866 1452 iu

81 1476 141 1518 mari
156 1483 256 1518 ruortaas
272 1486 329 1519 esset
343 1478 418 1519 eadem
432 1484 524 1532 praeter
536 1477 654 1532 piaculum
670 1484 692 1519 et
702 1477 787 1531 ferias.

0 1547 2 1556 '
24 1540 25 1543 ’
109 1544 186 1587 Horat.
212 1542 252 1586 aa.
277 1545 335 1588 128.
358 1547 387 1587 34
411 1552 472 1601 teque
491 1546 586 1600 piacula
610 1547 675 1588 uulla
698 1547 820 1596 resolveat;
844 1552 866 1587 et

80 1612 196 1654 Pseudaer.
221 1613 249 1654 ad
273 1615 311 1655 loc.
335 1615 373 1656 all.
398 1614 435 1655 lcoc
460 1621 507 1656 est:
531 1614 603 1656 uallis
627 1614 707 1656 lrostiis
723 1614 866 1669 eapiaberis;

0 1676 23 1734 ᾗῇ
80 1679 183 1730 piacula*
199 1680 257 1722 euim
282 1682 420 1736 dicebamur,
444 1682 524 1737 quibas
542 1681 640 1735 faciuas
664 1682 801 1737 expiabatur
825 1682 866 1724 ad-

82 1760 182 1791 arissam.

110 1816 157 1858 Lis.
174 1816 223 1858 VIII
232 1819 266 1861 10.
277 1820 304 1859 12
317 1818 434 1873 piaculum
450 1818 547 1861 hostiam
563 1819 633 1871 caedi,
650 1820 699 1861 VIII
710 1821 743 1862 10.
755 1820 783 1861 14
792 1820 866 1862 Marti

80 1884 270 1927 suovetaurilibus
288 1886 407 1940 piaculum
427 1886 489 1940 fieri,
514 1887 587 1928 XXIX
610 1888 643 1930 19.
660 1888 674 1930 9
694 1901 752 1942 qaae
762 1887 864 1942 piacula,

80 1951 160 2004 quibas
175 1944 234 2004 diis.
245 1954 325 2009 quibas
340 1954 421 1997 laostiis
432 1954 490 2008 fieri
500 1957 605 2010 placeret.

0 2054 8 2085 3,
109 2019 179 2062 Tacit.
203 2021 264 2064 Aua.
287 2022 355 2065 XII8
376 2022 513 2078 piaculaque
535 2024 599 2078 apud
621 2025 695 2066 lucum
719 2024 811 2066 Diauae
823 2032 866 2080 per

80 2087 199 2141 poatifices
214 2090 299 2132 dauda.

111 2154 165 2197 Geli.
190 2157 220 2199 N.
236 2158 263 2201 Α.
287 2159 305 2199 II
321 2159 387 2200 28.3
408 2158 474 2200 si...
485 2159 618 2215 piaculoque
633 2161 657 2201 ob
673 2161 731 2203 aauc
747 2175 793 2203 rem
809 2167 865 2216 opas
930 2152 932 2156 ¹
972 2133 973 2136 Ἴ

81 2230 141 2274 esset,
166 2224 197 2266 IV
212 2227 233 2269 6.
249 2227 264 2269 6
281 2227 397 2281 prioribus
421 2226 466 2289 iam
482 2228 555 2269 caesis
571 2226 668 2284 (laostiis)
684 2229 764 2271 laeadi
774 2229 866 2284 piaculi

1 2281 10 2354 ³3
78 2291 158 2342 gralia
173 2294 332 2337 sabdelaatur.

109 2357 169 2401 Fest.
194 2360 216 2403 Μ
234 2363 276 2405 189
299 2363 378 2405 L204
401 2362 467 2404 caius
491 2364 592 2419 auspicio
616 2361 707 2420 (spolia)
729 2371 803 2440 capta,
827 2366 865 2408 dis

77 2424 193 2477 piaculum
217 2430 275 2481 dato
299 2431 381 2473 11111213
405 2431 485 2473 L234
505 2438 618 2486 porca...
639 2438 682 2486 per
704 2433 801 2488 aliquem
822 2440 865 2488 pro

77 2493 167 2545 piaculo
196 2498 298 2549 solvitur
330 2499 353 2540 M
374 2500 418 2541 214
442 2499 460 2540 L
483 2500 526 2542 235
547 2505 638 2554 propter
662 2500 740 2555 aliqua
761 2502 863 2592 piacula,

80 2574 135 2614 quae
150 2563 231 2607 ibidem
243 2566 339 2620 fiebaut.

83 2688 179 2698 κ-

105 2775 121 2820 1)
134 2777 189 2824 Quae
203 2781 274 2818 fuerint
287 2794 342 2820 sacra
355 2795 365 2820 a
378 2784 474 2820 Flaminio
488 2785 598 2828 commissa,
612 2790 677 2821 narrat
689 2786 731 2822 Liv.
745 2786 793 2822 XXI
806 2790 834 2825 63.
848 2791 863 2823 7.
