2051 3214
393 175 435 217 129

20 302 49 344 de
63 315 154 355 precum
171 301 218 344 dixi
233 300 396 351 iterationibus,
414 290 472 342 duae
488 313 530 353 res,
547 300 570 343 ni
586 300 657 352 fallor,
674 299 750 343 statim
767 313 805 354 ap-

19 372 135 424 parebunt.
159 370 209 413 Una
230 377 271 422 est,
293 384 306 411 a
326 369 374 411 iure
398 382 463 411 sacro
479 370 634 431 antiquissimo
650 369 805 412 Romanorum

19 439 109 481 inanem
132 438 191 480 illam
216 438 353 494 religionem,
377 450 421 493 qua
442 437 544 481 homines
565 452 644 492 preces
659 445 727 494 atque
743 452 806 481 sacra

18 507 99 550 iterum
120 507 292 564 atque'saepius
308 512 448 560 renovarent,
465 507 557 550 omnino
575 519 620 550 non
636 520 686 550 esse
703 508 804 561 repudia-

19 582 72 626 tam,
82 582 160 618 eontra
168 574 306 617 solemnibus
314 574 463 616 succidaneae
471 581 493 617 et
500 575 668 618 instaurationis
677 575 806 618 nominibus

20 656 69 685 esse
90 645 243 697 approbatam,
265 644 317 699 quin
335 644 402 685 etiam
418 650 442 685 ut
458 643 488 685 ita
505 643 578 685 dicam
594 643 711 689 sancitam
727 643 806 685 Altera

19 724 79 763 vero,
108 725 159 754 cum
187 713 210 754 in
233 713 314 754 eodem
342 712 392 753 iure
413 711 488 754 divino
511 712 667 766 antiquissimo
690 711 805 767 diligentia

19 793 86 833 quam
107 778 236 822 difficillima
259 779 457 822 commendaretur
472 781 495 821 in
511 780 554 822 ritu
571 779 683 832 facillimo,
699 780 805 822 effectum

19 861 76 899 esse,
96 855 120 890 ut
141 849 218 890 inanes
234 847 284 890 illae
301 846 419 902 religiones
435 847 563 890 hominibus
580 860 626 890 non
641 849 707 890 nimis
723 850 805 891 noxiae

18 916 97 958 fierent
120 923 143 959 et
158 917 304 971 perniciosae.
320 914 395 970 Quare
412 930 441 958 ex
456 916 526 958 altera
542 916 634 971 quidem
650 923 713 970 parte
730 918 805 960 dicen-

18 985 71 1026 dum
96 991 130 1027 est
150 986 184 1027 ius
201 998 297 1037 sacrum,
313 991 338 1027 ut
354 985 445 1027 insanus
461 985 497 1027 ille
513 991 587 1027 metus
599 992 625 1045 et
641 985 709 1027 timor
725 986 804 1028 exstir-

17 1060 108 1107 paretur
131 1053 220 1095 efficere
244 1067 290 1095 non
302 1051 413 1106 potuisse,
430 1060 468 1095 aut
484 1053 566 1107 potius,
583 1066 628 1108 quo
645 1054 715 1108 magis
731 1054 802 1097 homi-
838 1090 840 1093 .

17 1134 70 1162 num
96 1128 183 1164 mentes
206 1120 313 1175 religione
337 1121 457 1163 obstrictas
480 1120 580 1171 haberet,
602 1122 626 1163 id
647 1121 758 1174 noluisse;
775 1137 804 1164 ex

18 1189 88 1232 altera
104 1196 180 1232 tamen
197 1195 260 1243 parte
276 1189 374 1231 adhibita
391 1203 441 1231 esse
457 1189 556 1231 remedia
570 1188 805 1245 psychologicerecta,

17 1258 97 1312 quibus
113 1257 203 1300 ultimae
219 1256 385 1300 refrenarentur
398 1258 504 1299 insaniae.
517 1256 551 1298 De
560 1257 709 1300 succidaneae
718 1259 811 1314 origine·

17 1326 71 1367 haec
88 1325 207 1369 sufficiant.

46 1393 93 1442 Nec
115 1396 188 1436 minus
211 1393 340 1447 piacula
364 1393 474 1447 operis
498 1393 646 1435 faciendi
671 1403 702 1435 era
721 1395 802 1437 eodem

16 1461 147 1504 offensionis
172 1463 259 1505 divinae
282 1468 344 1504 metu
364 1475 390 1503 ac
411 1469 509 1504 tremore
526 1468 578 1503 nata
594 1468 652 1503 sunt.
670 1461 726 1504 Cum
743 1463 802 1505 enim
857 1477 859 1480 ·

15 1536 53 1571 aut
77 1532 211 1573 necessitate
235 1537 326 1573 coactus
347 1537 385 1572 aut
405 1530 526 1572 iustissima
543 1543 610 1572 causa
626 1537 742 1583 permotus
757 1531 801 1572 Ro-

15 1611 94 1641 manus
116 1598 199 1654 aliquid
219 1598 325 1653 perficere
341 1600 415 1650 debet,
432 1600 492 1652 quod
509 1599 595 1641 numini
610 1598 675 1640 alicui
690 1599 802 1652 ingratum

15 1680 65 1708 esse
89 1667 210 1719 existimat,
235 1668 314 1710 eadem
337 1667 445 1720 premitur
470 1667 584 1709 anxietate
604 1680 630 1709 ac
647 1668 665 1708 si
679 1681 713 1708 res
727 1668 800 1722 agitur

15 1748 65 1777 cum
89 1736 180 1777 numine
204 1736 294 1778 inimico
314 1749 340 1777 ac
361 1734 478 1778 malevolo.
501 1734 552 1777 Non
569 1733 632 1777 aliter
648 1742 715 1789 atque
731 1735 801 1777 maria

14 1810 147 1855 tentaturus,
172 1804 301 1858 priusquam
325 1816 405 1845 navem
422 1804 537 1854 ascendat,
553 1803 631 1845 hostiis
646 1803 719 1857 placat
734 1803 801 1845 Tem-

3 1878 113 1925 pestates
128 1872 215 1926 iniquas
226 1869 250 1928 1),
266 1873 320 1914 iem
337 1884 383 1913 rem
400 1885 490 1925 quoque
503 1884 656 1926 aggressurus,
665 1885 709 1926 qua
718 1884 801 1913 numen

14 1940 149 1982 benevolum
173 1939 230 1982 lorte
254 1939 361 1991 laedatur,
383 1939 456 1982 hostia
470 1937 550 1981 'lacere
565 1939 688 1993 placatoria
702 1947 800 1993 praeter*

14 2009 102 2050 mittere
125 2021 169 2050 non
194 2010 270 2061 audet,
294 2008 322 2050 cf.
344 2007 406 2051 Serv.
428 2009 456 2050 ad
479 2007 801 2060 Aeu.1V58namfacturt

14 2070 109 2130 aliquia,
136 2082 188 2135 aute
210 2076 316 2135 adversas
333 2077 454 2131 placamus
474 2077 532 2127 deas,
550 2082 587 2117 ut:
601 2075 701 2129 ‘aegram
719 2076 801 2130 Hyeuci

10 2145 123 2198 pecudem,
141 2143 252 2198 Zeplcyec's
262 2143 373 2197 felicibus
389 2145 477 2188 albeat.
494 2158 545 2198 erge
561 2145 624 2186 mado
637 2144 738 2198 nuptura
748 2145 813 2198 plu.

13 2218 51 2253 cat
70 2218 123 2254 aute
140 2210 244 2262 Cererem,
262 2216 319 2267 qua‘e
330 2218 423 2266 propter
437 2218 529 2267 raptaue
542 2211 611 2266 filiae
627 2212 722 2266 uuptc'as
737 2225 799 2253 ease-

13 2286 98 2322 ceatur.
114 2278 191 2332 Quare
207 2281 345 2331 Lactantius,
362 2280 415 2334 quid
431 2280 529 2322 Romani
545 2281 573 2322 de
588 2279 677 2334 piaculo
690 2281 800 2322 sentirent

13 2348 87 2401 operis
111 2347 214 2400 faciendi,
238 2354 342 2390 accurate
363 2349 476 2390 iudicasse
497 2349 549 2390 mihi
566 2349 661 2398 videtur,
677 2361 728 2390 eum
744 2348 800 2390 haec

14 2417 42 2458 de
63 2415 173 2458 sacrificio
194 2417 292 2470 quodam
309 2415 415 2471 Argolico
426 2413 443 2471 2)
460 2417 489 2459 ad
505 2415 571 2458 Statii
590 2415 652 2457 Tuae.
669 2416 746 2459 11255
762 2429 798 2458 an-

13 2490 87 2526 notat:
113 2484 138 2526 c'u
160 2484 374 2539 tetnpcaaaaavae
389 2484 491 2527 solebant
505 2484 606 2538 virgines
622 2489 736 2537 uupturae
748 2485 799 2538 plu-

12 2565 64 2594 caee
87 2553 158 2603 deaut,
176 2567 233 2607 quae
248 2553 281 2595 st't
289 2551 389 2607 fauteiu
404 2553 563 2607 virginitates
573 2544 599 2593 et>
610 2565 725 2601 excusare,
741 2554 800 2607 quad

13 2621 143 2663 necessitate
159 2628 180 2663 et
193 2623 240 2676 lege
256 2621 361 2664 naturali
376 2622 457 2663 pubere
472 2622 614 2675 cogebautur.
630 2620 718 2674 Quibus
735 2634 798 2674 prae·

37 2778 54 2823 1)
67 2778 96 2815 Cf.
108 2778 179 2824 Vergil.
194 2772 239 2812 Aea
252 2778 277 2814 ΙΙΙ
291 2781 324 2813 120
338 2782 357 2813 et
370 2778 387 2813 V
400 2781 434 2813 772
448 2789 493 2814 cum
506 2779 557 2814 notis
571 2777 639 2815 Servii.

35 2834 52 2888 2)
66 2833 94 2870 cf.
108 2833 194 2879 Gruppe,
209 2833 279 2871 Getae
295 2833 379 2880 Mytau,
392 2834 413 2874 ss,
428 2845 446 2879 p.
460 2838 500 2877 914,
514 2845 532 2869 n.
546 2837 563 2869 5.
