2051 3214
562 143 644 204 so,

182 265 331 320 patrimonio
352 266 391 307 deo
407 265 537 325 deberetur]‚
555 268 580 310 z'd
591 268 661 322 fieret
674 267 796 321 sudmmj.
813 267 900 321 Quodsi
917 281 967 311 cum

185 334 246 377 Festi
260 335 332 377 verbis
346 335 413 376 verba
422 338 588 388 comparaveris
597 337 689 391 Dionys.
698 336 720 377 V
728 335 755 377 57
765 334 776 384 ἡ
785 333 806 376 δὲ
815 333 879 386 ponat
887 332 967 389 καθαιρ-

186 400 246 450 &tiras
262 400 459 455 puptrapa'rnffodc
475 402 562 452 πολίταις
578 402 679 454 ἅπαντας,
696 401 724 446 ἔτι
739 402 782 457 περὶ
796 406 900 446 πολιτικοῦ
909 402 968 457 Φόνου

185 470 268 522 γνώμας
284 468 442 522 ἠναγκάσθησαν
451 469 609 522 ἀποδείξασθαι,
618 475 692 516 statim
702 473 817 527 apparebit
825 474 967 526 praecipuam
1020 485 1021 488 ’

185 541 301 592 rationem,
325 553 364 582 cui·
390 540 502 593 piaculare
526 541 658 583 sacrificium
681 540 801 584 Semoniae
823 546 967 593 mactaretur,

185 608 253 651 fuisse
274 622 330 660 eam,
347 615 371 650 ut
387 609 446 650 cives
461 608 558 651 Romani
575 624 587 651 a
604 611 696 652 deorum
711 609 858 650 liberarentur
873 608 967 661 offensa,
1024 614 1026 616 ’

185 678 246 732 quod
268 679 390 731 prudentes
413 677 511 731 quidem,
535 679 671 720 necessitate
691 691 744 719 uero
760 678 839 727 coacti,
854 676 967 720 hominem

185 745 263 798 capitis
277 745 450 787 damnavissent.
467 745 503 788 Ob
520 746 687 788 damnationem
704 746 769 800 igitur
782 746 806 787 fit
818 745 912 800 piaculo,
921 759 967 788 non

184 826 236 855 vero
252 815 281 855 ob
297 814 368 867 ipsam
385 814 484 856 damnati
499 827 584 856 necem.
602 813 669 868 Quod
676 827 722 856 non
731 821 765 857 est
774 814 966 865 mirandum‚cum

184 882 308 924 certissime
324 889 412 924 constet
428 882 543 924 hominem
559 896 646 924 sacrum
656 890 719 925 extra
727 883 760 924 ius
768 882 890 924 humanum
899 881 967 925 fuisse

183 951 280 1005 ideoque
304 950 362 992 licite
383 951 484 1010 potuisse
500 951 579 1002 occidi,
595 949 704 1007 (Macrob.
720 949 768 993 Sat.
785 950 847 992 1117.
864 950 889 1003 5;
906 949 966 994 Fest.

185 1018 208 1060 M
228 1020 272 1060 318
293 1018 312 1059 L
336 1019 381 1060 424
402 1018 439 1060 av.
458 1032 521 1061 sacer
534 1016 612 1076 arruns).
629 1018 678 1061 Hoc
695 1012 762 1061 modo
778 1019 844 1074 igitur
860 1032 911 1067 cum
928 1018 966 1061 Se-

185 1088 273 1129 moniae
289 1086 400 1140 piaculum
415 1087 553 1141 consideras,
568 1095 660 1141 apparet
675 1087 807 1129 sacrificium
823 1086 877 1129 illud
892 1087 965 1140 piacu-

184 1155 230 1197 lum
246 1168 296 1197 esse
311 1155 368 1196 sacri
384 1169 397 1196 a
409 1156 520 1209 prudente
534 1155 631 1210 quidem,
646 1156 777 1198 iustissimas
787 1157 877 1197 veroob
886 1168 965 1198 causas

184 1223 299 1266 commissi
310 1219 333 1279 ¹).
350 1222 374 1265 Si
390 1237 443 1265 vero
460 1237 485 1265 ea
501 1237 559 1278 quae
575 1237 603 1265 ex
620 1223 681 1266 Festi
696 1225 769 1265 verbis
785 1224 890 1266 intercisa
905 1230 964 1275 sunt,

184 1298 245 1333 reete
261 1291 359 1346 Langius
376 1290 486 1345 supplevit
502 1290 552 1348 (nec
569 1293 647 1334 dubito
663 1292 715 1347 quin
729 1293 803 1348 quoad
817 1305 863 1333 rem
877 1291 964 1344 saltem,

183 1360 206 1402 id
230 1359 308 1401 fecerit
328 1356 432 1416 egregie),
454 1359 523 1402 altera
543 1373 633 1415 quoque
648 1359 767 1403 Semoniae
784 1360 891 1402 sacrificio
907 1361 964 1402 ratio

184 1428 255 1470 subsit
271 1440 364 1469 necesse
380 1434 424 1470 est:
442 1429 515 1482 operis
531 1428 628 1471 faciendi
644 1430 700 1478 dico,
717 1441 767 1470 curn
782 1429 866 1483 absque
874 1441 965 1481 praece-

183 1497 250 1538 dente
258 1494 383 1549 placatione
391 1497 549 1549 patrimonium
558 1497 653 1539 hominis
663 1497 768 1547 damnati,
777 1502 842 1550 prout
850 1495 964 1538 funestum

183 1572 251 1618 atque
266 1565 385 1617 impurum,
402 1564 435 1606 dis
452 1566 533 1607 sacrari
550 1578 594 1607 non
610 1566 689 1619 possit.

212 1631 258 1674 Sed
282 1633 371 1686 quando
396 1632 444 1687 quis
469 1634 541 1686 capite
563 1634 680 1675 damnatus
701 1633 832 1686 impunitate
856 1639 878 1675 et
899 1633 963 1674 venia

183 1701 330 1752 condonatur,
354 1701 376 1742 di
399 1707 424 1742 ut
444 1701 475 1744 ita
491 1701 563 1743 dicam
579 1702 692 1754 privantur
708 1701 841 1755 patrimonio
858 1701 963 1755 damnati,

182 1769 243 1824 quod
267 1769 344 1822 capitis
368 1770 524 1823 bonorumque
548 1770 718 1812 consecratione
738 1775 883 1823 acceperunt3
905 1782 962 1823 quae

182 1836 308 1891 profanatio
324 1844 384 1879 recte
400 1844 424 1879 ut
439 1837 486 1889 fieri
502 1838 580 1891 possit,
596 1838 708 1897 piaculum
724 1838 797 1892 operis
814 1837 911 1880 faciendi
928 1844 962 1880 est

182 1905 340 1948 necessarium.
368 1904 443 1959 Quare
472 1901 585 1948 verissima
614 1913 666 1949 sunt
689 1908 757 1948 verba
780 1902 961 1959 Mommsenii²):
1024 1922 1026 1924 ·

184 1973 268 2026 ,Wrd
282 1973 322 2015 der
337 1972 458 2027 Schuldr'ge
473 1987 515 2016 vora
531 1974 571 2015 der
588 1972 707 2016 Gemernde
722 1973 850 2028 bagaudae,
864 1973 906 2028 wie
914 1973 962 2015 dies

182 2047 248 2083 untur
270 2041 347 2096 Kd'rrrjg*
370 2041 450 2084 Tullus
470 2041 505 2082 lei
524 2042 572 2083 dem
595 2041 805 2084 Schwestermurder
815 2040 920 2097 geschalt,
938 2055 961 2083 so

116 2100 118 2109 .
182 2109 242 2150 totid
256 2110 301 2161 den,
316 2107 407 2151 Gd'ttern
423 2107 460 2150 ihr
474 2108 544 2150 Recta
558 2108 620 2151 rriclrt
631 2109 736 2163 gewdlrrt
751 2110 800 2151 rand
812 2110 867 2151 Rom
881 2108 966 2162 beders

181 2177 222 2218 der
238 2176 413 2231 seorstanum&

210 2310 234 2352 In
258 2311 475 2353 observandis
496 2310 591 2352 feriis
613 2310 682 2353 multa
707 2317 769 2354 erant
793 2324 850 2364 quae
865 2311 913 2353 iure
929 2311 960 2353 di-

181 2380 232 2420 vino
248 2379 340 2422 omnino
356 2385 419 2421 erant
434 2378 555 2432 prohibita;
572 2379 641 2421 multa
655 2393 749 2434 quoque,
764 2380 887 2422 dummodo
900 2380 960 2434 prius

181 2447 245 2488 fieret
265 2447 358 2501 piaculo,
379 2447 449 2489 iustas
466 2447 495 2489 ob
513 2459 591 2488 causas
607 2447 681 2490 facere
696 2447 783 2499 licebat,
800 2447 828 2489 cf.
844 2446 959 2490 Columell.

206 2578 223 2624 1)
235 2579 333 2616 Piaculum
352 2580 411 2625 operis
429 2579 512 2626 perfecti
529 2584 564 2623 est,
583 2591 632 2624 curn,
647 2586 668 2617 ut
687 2592 709 2617 re
728 2582 769 2627 ipsa
788 2586 846 2627 patet,
867 2582 959 2618 condem-

180 2637 255 2673 nationi
277 2635 370 2682 (suffragii
388 2637 440 2672 enim
458 2635 522 2672 exitus
541 2637 626 2674 incertus
645 2637 681 2682 est)
699 2637 817 2682 praecedere
836 2647 875 2673 non
895 2643 959 2683 queat.

180 2693 209 2728 De
222 2692 264 2728 aliis
276 2691 356 2738 piaculis
368 2692 427 2737 aperis
437 2691 517 2740 perfecti
528 2691 572 2727 vide
585 2694 639 2729 infra.

202 2747 220 2793 2)
232 2748 346 2791 Mommsen,
358 2747 469 2795 Strafrecht,
482 2759 499 2794 p.
513 2751 547 2784 903
561 2748 678 2793 (testimonia
691 2749 747 2785 affert
759 2749 891 2793 Liv.126.1a;
905 2749 957 2785 Fest.

179 2804 199 2839 M
211 2807 246 2840 297
259 2804 274 2839 L
287 2806 334 2850 380).
348 2804 396 2840 uide
409 2810 428 2840 et
441 2805 542 2848 Wtssowa,
556 2803 578 2839 le.
590 2805 629 2848 Ka,
643 2815 660 2850 p.
674 2809 714 2848 394,
727 2817 747 2840 n.
762 2809 777 2840 1.
