2051 3214
364 567 542 612 PRAEFATIO.

91 698 176 740 Rerum
200 710 314 739 sacrarum
339 697 420 748 studia,
442 709 500 751 quae
521 695 582 738 nullo
604 709 649 738 non
666 701 768 750 tempore
785 696 850 746 viros,

0 801 7 825 ,K
62 765 199 822 antiquitatis
227 767 319 820 peritos,
343 765 424 807 mirum
448 766 470 807 in
494 765 587 807 modum
611 764 785 815 delectaverunt,
810 763 851 806 hac

63 835 203 890 potissimum
224 828 301 876 ¹aetate
325 833 359 875 vel
382 833 452 888 magis
473 846 540 888 quam
558 832 611 876 olim
627 834 745 876 doctorum
763 832 850 875 animos

63 904 165 947 videntur
181 902 275 946 allicere.

0 964 4 985 ⁹
82 972 170 1026 Neque
186 978 221 1014 est
237 984 276 1013 cur
291 971 314 1013 id
330 983 467 1026 magnopere
483 971 595 1013 miremur.
765 1026 766 1029 Ἰ

2 1086 6 1095 ἡ
91 1040 149 1083 Nihil
165 1039 267 1095 prolecto
284 1040 313 1082 ad
329 1038 404 1094 populi
420 1039 538 1094 gentisque
554 1039 651 1082 cuiusvis
667 1045 767 1082 mentem
784 1044 851 1094 atque

62 1103 161 1152 indolem
177 1109 254 1152 intime
270 1108 450 1163 perspiciendam
466 1108 540 1151 utilius
556 1121 623 1163 quam
639 1121 754 1151 sacrorum
768 1107 851 1150 rituum

0 1167 9 1225 ³.
63 1186 85 1222 et
112 1177 215 1232 publicae
242 1177 387 1232 privataeque
411 1176 522 1233 religionis
546 1175 715 1232 diligentissima
737 1175 868 1232 inquisitio,

62 1255 129 1302 atque
145 1247 249 1302 cognitio.

1 1305 14 1371 ¹,
93 1315 171 1371 Neque
201 1328 254 1359 sane
283 1316 405 1390 quidquam
436 1315 580 1370 antiquorum
604 1313 738 1370 populorum
762 1316 850 1358 animos

63 1384 216 1427 vehementius
240 1385 404 1435 commovebat,
429 1397 496 1439 quam
520 1398 546 1426 ea
570 1383 652 1435 omnia,
676 1397 734 1439 quae
756 1390 851 1439 angusta

63 1453 126 1496 huius
150 1453 249 1496 mortalis
273 1453 331 1495 vitae
355 1453 426 1507 spatia
450 1453 567 1504 excedere,
591 1453 759 1507 humanumque
780 1466 850 1508 genus

63 1522 197 1576 coniungere
221 1535 271 1564 cum
296 1534 401 1576 supremo
425 1520 461 1563 illo
482 1520 579 1563 Numine
602 1521 768 1574 existimabant,
790 1522 850 1577 quod

5 1586 12 1608 ⁵⁵
63 1603 141 1633 omnes
164 1590 212 1645 ipsa
235 1597 314 1633 natura
338 1591 395 1632 duce
420 1597 442 1632 et
465 1589 569 1632 colebant
593 1597 615 1632 et
630 1590 771 1642 verebantur,
788 1591 850 1633 cuius

70 1672 117 1701 ram
134 1651 248 1713 deprecari
264 1664 287 1701 et
302 1659 396 1713 gratiam
412 1658 454 1699 sibi
470 1671 600 1711 comparare
617 1659 744 1701 studebant

93 1727 159 1782 Quod
183 1741 233 1770 cum
258 1729 280 1769 in
304 1727 400 1782 antiquis
423 1727 527 1782 gentibus
552 1727 663 1779 omnibus,
688 1734 735 1770 tum
757 1728 849 1770 veroin

63 1796 145 1850 populo
176 1796 279 1839 Romano
303 1796 445 1850 potissimum
470 1796 574 1838 cernitur.
598 1794 677 1850 Neque
701 1796 761 1838 enim
785 1796 850 1839 facile

63 1863 129 1907 ullam
145 1866 256 1908 inveneris
272 1866 393 1916 nationem,
410 1878 474 1919 quae,
489 1865 596 1920 quidquid
609 1865 637 1907 ad
647 1865 702 1907 deos
711 1865 850 1920 deorumque

63 1932 146 1976 cultum
168 1934 295 1988 pertineret,
317 1933 443 1989 diligentius
459 1939 526 1988 atque
542 1933 610 1976 etiam
626 1933 778 1987 scrupulosius
794 1940 851 1977 trac-

63 2003 148 2044 taverit.
181 2001 275 2057 Saepius
298 2003 340 2056 ipsi
363 2003 517 2045 Romanorum
541 2002 662 2056 scriptores
686 2000 798 2045 affirmant
822 2003 851 2044 ad

63 2076 134 2113 totum
152 2078 261 2114 terrarum
278 2072 356 2113 orbern
372 2071 475 2113 Romano
491 2071 585 2124 imperio
598 2070 761 2123 subiciendum,
774 2071 803 2113 ad
817 2077 851 2113 tot

72 2145 181 2193 antasque
204 2139 308 2182 victorias
332 2139 360 2181 de
383 2139 550 2181 immanissimis
573 2139 675 2181 hostibus
696 2139 850 2193 reportandas,

62 2205 113 2248 nihil
137 2207 185 2261 plus
210 2207 338 2259 contulisse,
363 2221 430 2263 quam
450 2206 585 2263 singularem
608 2207 744 2263 diligentiam
761 2214 783 2260 et
798 2208 851 2250 assi·

63 2275 177 2332 duitatem,
203 2290 246 2331 qua
270 2276 292 2320 di
316 2284 362 2319 tam
378 2276 444 2331 patrii
459 2289 526 2331 quam
542 2275 652 2331 peregrini
668 2282 776 2331 perpetuo
793 2276 850 2319 cole-

63 2350 146 2386 rentur.

92 2410 155 2465 Quae
175 2425 225 2455 cum
239 2414 272 2456 ita
288 2413 340 2464 sint,
357 2414 379 2455 in
395 2413 499 2455 Romana
515 2412 622 2455 sacrificia
638 2413 764 2456 accuratius
779 2414 850 2468 inqui·

63 2480 145 2523 siturus
161 2481 221 2524 haud
237 2481 315 2524 inutile
331 2495 388 2536 opus
404 2482 517 2536 suscipere
534 2481 587 2523 mihi
603 2481 686 2533 videor,
703 2495 754 2524 cum
770 2481 793 2523 in
808 2481 850 2524 hac

62 2554 124 2601 parte
140 2550 272 2603 praesertim
288 2550 398 2604 permulta
414 2551 569 2605 investiganda
584 2543 703 2605 supersint.

92 2615 148 2659 Cum
172 2624 248 2661 autem
271 2619 327 2667 haec
351 2619 505 2661 materiatam
521 2617 566 2661 late
582 2626 664 2672 pateat,
681 2626 705 2661 ut
721 2620 786 2661 unius
802 2619 851 2662 libri

62 2685 171 2728 ambitum
196 2693 262 2742 atque
287 2688 352 2730 unius
376 2687 442 2729 etiam
466 2687 562 2729 hominis
586 2687 643 2729 vires
658 2687 725 2743 longe
740 2689 851 2730 excedere

63 2753 171 2806 videatur,
196 2769 245 2798 eam
270 2755 341 2799 solam
365 2762 452 2810 partem
475 2756 615 2798 tractandam
637 2756 732 2811 suscepi,
749 2770 806 2812 quae
822 2758 850 2799 ad

62 2820 155 2874 piacula,
173 2824 232 2876 apud
249 2824 365 2867 Romanos
381 2822 568 2879 frequentissima,
584 2824 688 2878 pertinet.

767 2904 776 2935 1
