2051 3214
598 156 643 198 28·

217 281 269 324 dira
285 281 380 337 piacula
395 295 479 324 ruaues.
497 282 556 325 Bene
572 284 600 325 ad
616 283 674 325 hunc
689 282 774 325 Lucani
790 282 864 325 locum
882 258 1001 324 scholiasta

217 349 261 407 (ed.
285 350 345 393 Endt
368 364 389 404 p.
408 348 457 407 155)
482 350 508 392 id
529 357 574 393 est:
593 350 660 405 ferat
679 351 785 406 piacula:
807 350 953 406 expiationes,
976 356 1003 391 ut

160 432 162 435 ’
223 419 347 474 Vergilius:
361 419 395 460 ‘eu
407 418 485 473 priuua
497 419 594 473 piacula
610 420 703 462 suuto’.'

247 486 307 530 Suet.
327 485 377 530 Ora.
391 486 410 528 7.
425 487 438 529 5
449 488 812 543 peroruuiapiaculorurugeuera
821 501 898 530 ruaries
908 485 1000 541 Galbae,

217 570 231 597 a
247 569 288 610 quo
303 554 421 597 deturbari
436 555 560 611 expellique
576 571 600 599 se
615 557 711 608 uiderat,
724 555 850 611 propitiare
866 561 970 598 tentasse.

247 623 285 666 Sil.
309 623 355 665 Ital.
379 623 399 664 V
416 625 459 668 213
484 624 589 667 ruauibus
611 625 661 680 ipsu
682 624 732 667 suis
744 629 892 679 praesumpta
905 623 1001 678 piacula

217 691 294 742 mittit,
311 691 360 733 XIII
375 692 418 734 405
435 698 546 734 ruactare.
557 723 576 735 ..
594 707 641 735 ruos
656 692 777 735 ulubris...
791 698 896 734 cousueta
906 691 1000 746 piacula

218 760 342 814 uigras...
364 761 466 814 pecudes,
490 774 547 815 quac
571 761 660 816 quidem
678 760 772 815 piacula
794 774 850 802 vers,
867 760 911 801 415
924 761 1001 814 placa·

217 827 280 869 aliua
301 829 451 880 nominantur,
472 828 520 870 XIII
535 830 579 871 418
601 834 700 883 apparat
714 830 795 871 occulto
811 834 937 870 uroustrata
949 828 1000 883 piu·

218 897 270 939 cula
286 902 364 951 coepto.
866 930 868 935 t

247 963 314 1018 Quod
330 965 348 1006 si
365 972 425 1007 recte
434 978 490 1021 'sese
506 965 595 1017 habent,
612 979 668 1020 quae
682 971 747 1007 antea
761 964 931 1018 explicavimus:
941 964 999 1007 locu-

217 1032 301 1075 tionem
322 1033 408 1087 piaudi
418 1032 527 1088 prodigia
542 1047 581 1086 per
597 1033 836 1076 transnominationem
852 1034 910 1075 idem
928 1032 1000 1075 valere

218 1114 244 1142 ac
264 1101 377 1155 placaudi
399 1100 458 1143 iraru
478 1102 574 1152 deoruur,
593 1101 707 1156 prodigiis
723 1101 838 1153 osteutaui,
855 1116 900 1143 vox
912 1101 1002 1157 piaculi

218 1182 307 1224 quoque
322 1175 432 1222 quatenus
447 1182 498 1211 cum
514 1171 666 1224 prodigiorum
680 1170 835 1223 procuratione
848 1177 882 1211 est
891 1183 999 1221 connexa,

218 1237 262 1278 vim
286 1243 308 1278 et
324 1236 507 1291 significationem
520 1238 659 1291 placauiuis
674 1238 755 1280 habeat
770 1251 863 1279 neccsse
879 1245 919 1280 est.
937 1238 1000 1292 Quae

220 1305 333 1347 conclusio
357 1306 412 1347 mire
436 1305 579 1347 confirmatur
601 1305 661 1347 hisce
685 1306 756 1347 verbis
779 1306 851 1348 Taciti
874 1305 934 1348 Auu.
957 1306 1000 1348 XV

217 1375 253 1415 44.
271 1376 281 1415 1
303 1387 355 1416 iuou
366 1373 440 1428 petita
456 1373 493 1415 dis
505 1373 600 1428 piacula
616 1373 717 1429 aditique
733 1373 834 1417 Sibullae
849 1374 944 1418 libri..
960 1376 1001 1417 sed

218 1456 262 1484 uou
278 1448 315 1497 ope
331 1442 438 1493 luruaua,
455 1455 498 1483 uou
514 1441 675 1496 largitiouibus
687 1441 801 1496 priucipis
816 1448 859 1484 aut
872 1443 937 1484 deuur
950 1445 1000 1498 pla-

217 1510 326 1552 caureutis
341 1509 459 1551 decedebat
473 1508 579 1562 iufamia.
595 1509 734 1552 Testimonia
749 1510 851 1551 afferam:

247 1578 294 1620 Liv.
319 1578 350 1619 IV
366 1579 401 1620 30.
419 1580 447 1620 10
468 1577 560 1619 iusolita
572 1578 667 1632 piacula
680 1578 747 1632 pacis
762 1579 827 1621 deuru
843 1579 999 1633 exposcendae,

218 1646 239 1688 V
256 1647 311 1688 16.1
326 1645 431 1701 prodigii
442 1646 543 1701 piacula,
560 1646 600 1687 VII
616 1649 635 1688 3.
645 1648 659 1688 3
671 1646 814 1700 piaculoruru
824 1679 828 1687 .
838 1645 999 1702 ..couquisitio

217 1715 266 1756 VIII
284 1716 317 1756 18.
336 1716 361 1756 11
383 1713 487 1769 prodigii
501 1727 527 1756 ea
543 1727 579 1756 res
593 1716 637 1757 loco
652 1714 730 1756 liubila
740 1746 744 1756 .
754 1747 759 1757 .
769 1728 790 1764 .;
807 1715 882 1770 itaque
896 1714 1001 1756 memoria

217 1798 246 1825 er
267 1782 392 1826 auualilus
411 1782 519 1837 repetita.
530 1813 549 1827 ..
565 1783 653 1825 claouui
669 1797 683 1824 a
699 1782 808 1825 dictatore
819 1782 898 1837 firrcru
915 1782 1001 1825 alieua-

217 1858 295 1907 tasque
315 1850 429 1893 discordia
451 1857 533 1892 rueutes
548 1865 571 1892 eo
583 1850 674 1905 piaculo
689 1857 796 1906 eoupotes
811 1850 850 1893 sui
859 1849 944 1904 fuisse,
960 1850 1001 1891 XL

217 1920 252 1962 37.
270 1920 283 1961 2
301 1919 405 1974 prodigii
419 1921 462 1961 loco
478 1932 504 1960 ea
520 1919 595 1961 clades
611 1919 689 1961 iuberi
703 1925 777 1974 coepta
793 1926 832 1961 est.
851 1917 873 1961 C.
889 1918 1002 1979 Servilius

215 1987 323 2043 poutifeu
338 1987 453 2029 rriauiruus
465 1987 559 2042 piacula
575 1986 623 2029 irae
638 1987 703 2029 deuru
719 1987 846 2042 couquirere
862 1986 946 2028 iussus.

205 2084 206 2087 =
247 2055 312 2110 Apul.
329 2056 356 2097 de
371 2055 409 2097 deo
425 2054 483 2097 Socr.
501 2055 554 2105 VIII,
564 2069 585 2108 p,
596 2057 624 2097 14
637 2069 656 2097 v.
666 2056 687 2097 d.
697 2054 757 2097 Vliet
774 2054 893 2097 Tuscoruru
899 2053 1000 2109 piacula.

248 2122 303 2165 Gen.
321 2123 351 2166 IV.
367 2122 394 2164 A.
410 2122 441 2163 IV
457 2123 476 2165 5,
494 2123 507 2163 2
528 2123 552 2164 ol
569 2123 595 2164 id
604 2122 691 2177 fulgur
702 2123 803 2178 piaculis
819 2122 932 2173 lucullum,
949 2122 1002 2164 XVI

217 2194 238 2235 6.
259 2194 286 2234 10
307 2198 460 2235 osteutuui...
477 2197 510 2232 est
524 2196 546 2232 et
557 2190 659 2245 piaculis
669 2190 745 2244 factis
757 2191 933 2245 procurandum,
950 2190 1001 2232 XVI

217 2263 237 2302 4.
255 2262 269 2302 4
286 2260 445 2314 auspiciumve,
461 2258 520 2314 quod
534 2258 584 2300 siue
595 2259 686 2313 piaculo
698 2260 823 2313 praeterae
840 2272 882 2300 uou
898 2259 970 2301 liceat.

211 2357 212 2360 ,
247 2329 345 2371 Macrob.
368 2328 416 2370 Sat.
433 2327 463 2369 VI
479 2328 499 2369 9.
517 2327 530 2367 2
547 2333 656 2369 osteuturu
666 2359 671 2370 .
682 2357 700 2369 ..
717 2333 739 2368 et
748 2325 823 2380 factis
835 2326 937 2381 piaculis
949 2333 1000 2381 pro-

217 2397 350 2439 curauduru.
979 2391 981 2394 ’

248 2464 340 2519 Phiiorg.
365 2465 393 2506 ad
417 2463 499 2519 Vergil,
526 2460 603 2518 Georg.
620 2463 696 2506 11162
713 2464 889 2507 redactorum...
906 2463 1000 2505 siruula-

218 2546 281 2575 cruru
297 2532 384 2575 Averui
398 2532 499 2582 sudasse,
513 2532 678 2587 propterquod
689 2531 810 2587 poutifices
826 2532 857 2573 iii
867 2531 1000 2587 piacularia

219 2615 286 2644 sacru
297 2601 408 2655 feceruut.

246 2670 300 2712 Iuris
325 2669 392 2711 divini
414 2668 490 2722 peritis
513 2668 615 2723 ignotum
638 2681 683 2710 non
705 2675 745 2718 est,
767 2669 875 2711 Romanis
891 2667 1000 2722 quosdam

198 2739 272 2780 ¹ritus
296 2751 371 2779 sacros
395 2737 469 2787 inisse,
494 2736 530 2790 qui
547 2736 636 2789 proprio
652 2743 674 2778 et
690 2735 795 2791 singulari
808 2735 898 2790 piaculi
911 2736 1001 2777 nomine

216 2813 333 2857 ornantur3
356 2807 377 2847 In
403 2817 497 2860 quorum
521 2804 603 2845 rituum
619 2810 698 2846 natura
713 2804 868 2860 investiganda
883 2805 938 2846 hacc
954 2810 1001 2846 tota
