2051 3214
530 141 572 184 140

160 265 221 320 nium
243 266 316 320 ipsum
340 261 479 310 lustrationis¹
501 281 592 311 carmen
615 276 656 320 est,
677 268 737 323 quod
758 269 825 311 tradit
842 266 898 310 Cato
915 269 942 311 de
1002 258 1004 262 ’

160 334 229 389 agric.
249 335 303 376 141:
319 334 399 390 quoius
414 335 449 385 aei
464 349 515 391 erga
530 350 612 391 ageaua
630 344 712 379 teeeauc
716 335 862 392 suadumque
869 350 940 380 aueaua

160 402 325 445 suouetaurilia
341 402 467 458 cieauuaagi
482 404 547 455 iussi,
565 405 601 447 uti
616 412 640 447 tu
654 404 942 460 auaebasuisasiaulsasque

161 470 309 513 vidueetateac
325 471 531 528 vastitudiueauque
543 473 687 516 calamitates
699 472 941 528 iuteaupeeiasquepea·

160 538 257 581 libessis
277 538 388 592 defendas
408 553 590 596 aveeeuucesqae.
615 541 753 596 Quibuscum
777 542 865 597 egregie
889 554 941 583 con-

161 614 242 663 gruunt
258 621 334 649 versus
350 607 432 650 Tibulli
447 608 465 650 ΙΙ
482 611 501 653 1.
519 608 557 651 17;

220 699 246 742 di
257 700 339 755 patrii,
352 707 481 756 purgarnus
496 716 569 756 ageas,
584 709 713 758 puegaaaus
729 709 842 757 agrestes;

251 772 366 812 casuale
382 771 409 812 de
425 771 509 813 clastris
521 771 600 826 pellite
616 771 733 822 limitibus,
775 808 776 811 ,

222 852 264 880 ueu
280 852 343 893 seges
359 840 439 881 eludat
453 852 544 881 acesseua
556 838 685 894 fallacibus
698 839 779 890 ueeu's,

251 920 293 949 ueu
310 906 389 949 tieueal
404 909 484 950 celeres
493 907 588 960 ‘taedia‘
602 923 664 963 agria
680 909 750 963 lupas.

162 999 215 1041 Vim
237 998 374 1043 lustrationis
390 1008 576 1044 averruncantern
593 1002 650 1043 bene
666 1002 791 1056 fragmenta
807 1014 895 1056 quoque
909 1001 941 1042 in-

164 1068 239 1111 dicant
262 1068 324 1110 Festi
347 1068 370 1111 M
392 1070 436 1112 210
456 1070 475 1111 L
496 1070 561 1111 23οῑἸ
572 1076 674 1124 pesestas
697 1070 757 1112 iuter
777 1069 832 1119 alia,
849 1083 906 1124 qaae
920 1069 943 1112 si

162 1136 222 1178 luter
242 1136 392 1190 peecatiaacac
413 1137 526 1189 dicuntae,
543 1151 592 1179 caeru
604 1137 698 1191 faudas
712 1139 832 1187 lustratae,
850 1136 941 1191 signifi*

161 1218 214 1247 caec
236 1204 327 1247 uidetur
346 1205 507 1260 pestteeuuau,
529 1213 556 1247 at
575 1206 675 1260 intelligi
690 1218 717 1248 ea
732 1206 940 1260 accumulamur,

99 1260 102 1268 ,
163 1287 212 1315 caeca
228 1267 326 1321 dicitur:
343 1273 441 1316 ‘auectas
456 1275 561 1326 acaedam,
579 1281 676 1327 euacua,
691 1274 768 1325 labeau,
783 1274 891 1324 uebalauc,
902 1273 942 1315 iau-

161 1340 298 1395 petigiueeu'.
315 1341 402 1384 Eodem
419 1344 488 1385 modo
503 1342 619 1397 Appianas
635 1344 666 1385 lt.
684 1343 736 1398 quid
752 1343 794 1384 sibi
807 1342 858 1384 velit
866 1341 942 1384 classis

100 1439 102 1443 ⁷
164 1409 273 1460 lustratio,
297 1409 357 1452 hisce
381 1411 454 1452 verbis
479 1411 658 1465 comprehendit:
682 1409 709 1452 sia
732 1409 819 1452 cluuiaru
834 1414 941 1464 spaerulae.

161 1477 275 1519 Funerum
296 1491 385 1534 quoque
406 1480 509 1522 decursio
525 1487 639 1534 spectasse
655 1481 742 1522 videtur
758 1491 867 1522 noxarum
881 1492 941 1520 aver·

161 1547 323 1599 runcationem,
339 1561 383 1602 qua
399 1562 444 1602 pax
460 1549 550 1591 daretur
565 1549 667 1591 mortuis.

189 1615 304 1657 Lustratio
328 1628 478 1658 averruncans
500 1616 565 1672 igitur
588 1616 639 1659 licet
660 1616 788 1659 naturaliter
812 1615 863 1658 nihil
880 1614 939 1656 aliud

160 1683 189 1725 sit
204 1683 247 1725 nisi
262 1684 322 1726 orbis
339 1684 439 1740 magicae
453 1686 580 1739 descriptio,
595 1699 638 1740 qua
646 1685 704 1727 mala
712 1684 857 1739 depellantur,
867 1690 941 1725 tamen

159 1751 225 1794 latius
240 1751 346 1806 paulatim
362 1753 439 1806 patuit.
457 1753 544 1796 Sensim
561 1754 626 1805 enim,
641 1755 702 1808 quod
710 1767 755 1796 non
764 1760 798 1796 est
806 1752 939 1802 mirandum,

160 1833 310 1863 averruncans
336 1834 424 1876 quoque
448 1821 550 1875 lustratio
572 1822 732 1876 purificationis
756 1821 940 1878 significationem

159 1889 238 1941 induit,
259 1895 284 1931 ut
305 1889 363 1931 clare
384 1889 456 1932 elucet
476 1903 505 1931 ex
529 1891 600 1932 verbis
622 1889 703 1932 Tibulli
718 1903 785 1944 supra
800 1888 872 1931 allatis
885 1894 939 1942 pace-

156 1971 242 2011 gauaas
265 1971 338 2011 ageas,
360 1964 488 2013 purgamus
508 1965 614 2014 ageestes,
639 1965 662 2001 et
685 1972 714 2000 ex
735 1959 841 2000 versibus
855 1957 940 1999 Lucani

160 2026 264 2068 Faceta
280 2027 334 2070 592:

220 2133 273 2162 euax
288 2120 348 2161 iubet
362 2127 385 2161 et
400 2126 468 2162 ratam
481 2119 577 2174 pauidis
592 2135 607 2162 a
623 2120 709 2163 ciuibus
721 2121 799 2164 ,uedeue

221 2187 306 2230 audiui
320 2194 342 2230 et
351 2187 413 2242 festa
426 2180 553 2243 paeg'autes
569 2189 655 2231 uraeuia
671 2190 741 2231 lustra

219 2259 286 2311 leuga
299 2262 341 2311 pee
356 2262 465 2298 euteeuas
478 2256 579 2310 pemeria
594 2257 681 2312 ciugeee
693 2256 756 2310 fiaes

216 2323 344 2379 pontifices,
360 2324 422 2366 saeui
436 2323 517 2380 quibas
533 2330 567 2366 est
577 2324 691 2379 permissa
703 2321 837 2380 potestas1),

160 2418 238 2469 immo,
262 2419 323 2472 quod
347 2418 439 2460 maximi
463 2418 571 2460 momenti
592 2425 633 2469 est,
650 2418 730 2460 accidit
746 2424 770 2460 ut
786 2417 873 2471 magico
890 2416 940 2457 huic

160 2477 211 2527 ritui
227 2486 300 2528 etiam
317 2486 424 2527 sacrificia
440 2486 583 2537 adderentur,
599 2500 638 2528 seu
654 2486 728 2539 potius
744 2493 768 2527 ut
784 2485 867 2539 religio,
879 2497 941 2546 vquae

159 2557 182 2597 in
198 2556 293 2598 deorum
309 2554 369 2596 cultu
385 2555 427 2596 sita
441 2561 482 2605 est,
491 2554 645 2597 lustrationem
654 2560 837 2596 averruncautem
846 2553 868 2594 in
877 2565 940 2593 suam

160 2624 258 2667 traheret
273 2623 418 2676 provinciam.
435 2622 486 2676 Quo
502 2621 563 2665 lacto
578 2622 715 2665 lustrationis
731 2622 762 2664 vis
779 2629 845 2676 atque
861 2627 940 2662 natura

183 2748 201 2793 1)
213 2749 263 2785 Vide
282 2744 340 2784 etiam
357 2745 427 2794 Vergil.
447 2748 492 2785 Aeac.
512 2746 584 2782 vtum
598 2747 747 2784 etTibull.l5.
762 2750 789 2790 11,
803 2745 938 2791 ubipurgatio

159 2811 179 2841 et
191 2805 279 2841 circuitio
292 2805 438 2850 coniunguntur
451 2805 470 2840 in
483 2805 526 2850 ipso
539 2803 581 2841 ritu.
