2051 3214
448 115 537 172 65⁴

75 261 115 307 sibi
129 256 222 301 finxisse
237 254 358 310 existimet,
374 261 398 297 ut
411 260 480 309 panca
496 268 536 308 pro
549 261 615 311 parea
631 269 644 297 a
660 253 759 308 Vergilio
769 253 856 296 dictum

76 327 210 383 explanaret.
229 322 317 379 „Naar”
335 329 358 364 ut
370 323 439 376 ipsius
447 322 535 364 Krausii
545 325 611 366 verba
620 323 727 365 afferam:
738 335 800 375 „cain
808 322 856 363 dee-

6 394 13 446 ]
75 410 124 442 rain
139 392 231 450 qnisqne
240 421 245 432 .
255 422 274 433 ..
290 404 356 432 saani
373 397 394 432 a
408 391 476 446 qnasi
487 392 603 445 propriam
620 390 717 433 hostiam
726 389 782 432 cerii
789 403 858 431 scacis

14 479 15 483 ¹
76 464 156 508 aebeat
169 465 236 518 atqae
248 458 297 501 alia
311 458 333 500 si
341 458 592 514 inincelatnrpiaaalain
600 460 703 502 dandam
711 458 744 500 sit
751 457 858 513 (Macra.

76 533 123 576 Sat.
146 527 187 571 III
207 527 240 568 10.
264 525 286 583 7)
310 526 372 569 cneii
394 526 472 582 nequii
494 527 518 569 in
541 528 645 571 omnibns
660 527 735 569 saenis
745 525 860 580 feminini

11 624 12 627 =
72 597 162 656 generis
174 596 230 650 plns
245 595 345 637 valuisse
361 595 471 638 aictincas.
491 595 589 639 Ceteenne
605 595 681 639 Servii
696 602 774 637 natae:
789 593 858 636 ‘deni-

75 680 114 724 qne
136 665 159 707 si
177 670 221 719 per
241 677 370 707 inercia...
394 678 437 706 nan
455 665 552 718 pateeat’
574 664 640 707 Livii
654 664 721 706 verba
737 662 806 719 (XLI
819 661 858 717 15)

76 737 140 778 ‘alien
154 733 232 774 cansnl
245 745 321 773 canani
338 731 427 783 adiecit,
444 733 488 787 qni,
505 733 565 788 qaia
578 738 648 787 capnt
662 731 755 774 ieeineri
769 730 857 784 deficis-

75 809 114 854 sei,
144 801 217 843 tribas
245 799 317 842 bnbns
341 800 464 854 perlitasse
493 801 591 855 negavit.
615 806 710 842 serratas
733 798 858 841 neaieeibas

75 870 154 914 iestiis
177 881 246 922 usqae
270 860 302 909 ad
323 868 448 910 litationem
472 868 603 922 sacrificari
618 867 696 910 iassit'
711 875 808 921 prorsas
823 880 857 908 ee-

72 935 200 995 pagnani.’'

103 1006 245 1061 Quamquam
266 1005 306 1047 viri
321 1006 382 1048 docti
398 1006 495 1048 rationes
511 1012 533 1047 et
549 1012 681 1061 argumenta
697 1006 765 1047 verba
780 1004 857 1054 Servii,

74 1084 140 1132 prout
155 1077 184 1119 ad
200 1076 328 1125 universum
342 1077 489 1118 succidaneae
502 1076 639 1118 intellectum
650 1082 760 1130 spectant,
769 1074 857 1129 egregie

75 1145 184 1196 refellunt,
208 1151 284 1187 tamen
305 1145 395 1186 minime
411 1158 543 1199 persuasum
557 1145 613 1201 ¹mihi
629 1152 663 1187 est
680 1145 756 1186 omnia
771 1144 812 1185 hac
830 1143 858 1185 de

75 1228 98 1255 re
121 1215 149 1256 ab
172 1227 199 1255 eo
222 1212 308 1267 prolata
324 1227 373 1255 esse
389 1206 558 1256 commenticia.³
570 1213 642 1267 Saepe
659 1214 726 1265 enim,
743 1212 822 1254 saitem
839 1211 857 1252 si

75 1282 220 1324 Etruscorum
236 1283 302 1325 ritum
318 1282 453 1333 consideras,
470 1282 617 1324 succidaneae
630 1282 792 1332 mactabantur,
801 1295 858 1337 quae

75 1363 208 1405 quamquam
231 1351 332 1393 eiusdem
348 1351 436 1405 generis
452 1358 515 1392 erant
531 1363 557 1393 ac
573 1351 657 1404 priores
673 1350 766 1402 hostiae,
782 1356 858 1392 tamen

75 1418 127 1460 alias
150 1420 180 1461 ob
204 1432 282 1461 causas
305 1419 354 1473 plus
377 1419 450 1461 valere
474 1420 667 1461 existimabantur.
690 1418 748 1462 Nam
772 1419 858 1462 hostiae

75 1487 170 1529 maiores
194 1489 346 1530 succedebant
370 1488 492 1530 minoribus
515 1487 574 1543 (Liv.
592 1487 643 1528 XLI
660 1487 694 1529 15.
710 1487 733 1544 4)
751 1494 780 1540 et,
797 1488 858 1542 quod

75 1554 122 1607 pius
149 1563 190 1607 est,
214 1569 383 1611 nonnumquam
407 1557 555 1599 succidaneae
579 1557 660 1598 diversi
683 1563 747 1598 erant
770 1555 858 1607 coloris,

75 1636 209 1678 quamquam
233 1624 334 1667 Arnobio
357 1631 415 1667 teste
440 1622 501 1680 (adv.
517 1631 565 1667 icat.
581 1625 652 1667 11143
670 1631 692 1666 et
708 1623 779 1681 1168)
796 1624 858 1667 color

75 1704 162 1745 quoque
178 1693 324 1744 victimarum,
340 1699 365 1734 ut
381 1706 482 1748 quaeque
498 1693 549 1734 huic
565 1693 599 1735 vel
615 1692 646 1734 illi
661 1694 748 1734 numini
755 1692 857 1735 immola-

75 1759 144 1811 batur,
159 1766 206 1802 erat
221 1762 378 1815 praescriptus.
395 1760 429 1803 Cf.
446 1760 502 1815 Geii.
511 1761 541 1803 N.
549 1761 578 1803 A.
586 1761 617 1802 IV
625 1762 645 1803 6.
655 1763 668 1803 2
683 1760 716 1817 (S.
725 1760 748 1804 C.
758 1762 811 1803 anni
818 1759 857 1816 99)

74 1827 132 1880 qnod
156 1827 177 1870 C.
203 1828 278 1871 [alins
300 1829 326 1871 L.
348 1829 419 1883 filins
438 1828 547 1884 pontefeci
570 1830 689 1872 nnntiavit
709 1830 734 1872 in
755 1830 858 1871 sacrario

74 1891 117 1951 [in]
132 1896 197 1949 regia
212 1897 293 1938 hastas
308 1897 409 1939 Martias
425 1897 525 1948 movisse,
543 1898 570 1939 de
586 1911 612 1939 ea
627 1912 651 1940 ee
667 1898 701 1940 ita
714 1904 855 1948 censuerant,

6 1958 9 1965 '
75 1962 111 2003 nti
125 1964 156 2004 M.
173 1962 287 2007 Antonias
303 1966 381 2007 cansnl
394 1964 475 2007 hestiis
490 1965 615 2008 inaieeibns
630 1965 679 2008 [aei
694 1971 716 2007 et
728 1965 803 2008 Marti
806 1972 857 2020 pea-

74 2038 164 2072 caraea
178 2038 200 2073 et
213 2032 291 2074 cetenis
306 2033 349 2083 dis,
366 2033 447 2087 qaibns
462 2033 577 2076 videretur
592 2033 737 2076 laetentibus.
746 2066 763 2076 ..
773 2033 858 2089 siquid

74 2098 214 2141 succidaneis
230 2107 284 2154 opas
297 2107 359 2151 esset,
374 2100 443 2142 robiis
456 2101 583 2143 snccideeei.
598 2101 662 2155 Quae
671 2115 721 2143 cum
730 2103 856 2153 considero,

74 2163 174 2209 Servium
191 2168 315 2210 doctrinam
330 2182 394 2215 suam
411 2176 481 2212 totam
495 2170 537 2212 sibi
549 2170 641 2212 finxisse
654 2178 773 2225 nonput03
782 2171 857 2224 potius

75 2234 204 2276 crediderim
226 2235 334 2288 Servium,
351 2250 401 2279 cum
417 2238 440 2278 in
456 2238 529 2292 aliquo
546 2239 653 2291 scriptore
668 2239 791 2280 invenisset
807 2238 857 2280 esse

75 2304 184 2353 quaedam
198 2303 313 2359 sacrificia,
329 2305 351 2346 in
368 2306 448 2359 quibus
465 2307 482 2347 si
499 2306 552 2359 quid
566 2306 705 2348 succidaneis
718 2320 775 2360 opus
790 2313 856 2361 esset,

74 2366 184 2413 femininis
213 2378 272 2414 esset
295 2372 463 2424 succidendum,
487 2387 514 2415 ea
537 2386 594 2427 quae
619 2374 647 2415 de
671 2381 733 2417 certo
757 2376 856 2429 quodam

74 2447 154 2489 genere
170 2439 308 2491 dicebantur,
325 2440 398 2482 minus
412 2447 472 2482 recte
486 2442 514 2483 ad
523 2442 598 2501 omnia
607 2442 765 2485 sacrificiorum
774 2456 857 2498 genera

2 2565 3 2568 Ἴ
74 2506 218 2549 transtulisse.
243 2507 309 2561 Quod
332 2514 408 2550 autem
432 2510 460 2551 ad
484 2510 551 2551 verba
575 2509 655 2551 attinet
678 2509 701 2551 si
720 2517 795 2552 antean
815 2518 858 2566 per

69 2569 182 2622 sentinam
200 2589 244 2617 nan
260 2575 371 2627 litassent,
387 2576 523 2619 succidanea
539 2577 643 2619 adiciberi
658 2591 702 2619 nan
714 2585 810 2634 poterat,
828 2593 857 2621 ex

74 2638 99 2679 iis
122 2653 179 2695 quae
202 2656 269 2697 supra
292 2657 305 2685 a
326 2657 362 2685 me
384 2646 443 2687 dicta
464 2652 523 2696 sunt,
540 2633 594 2687 sa'tis
611 2652 709 2699 apparet,
727 2661 753 2688 ea
770 2648 798 2688 de
814 2647 856 2688 ritu

74 2704 176 2751 Romano
192 2711 251 2753 dicta
267 2724 317 2753 esse
333 2713 425 2755 omnino
442 2726 487 2755 non
503 2727 577 2767 posse.

103 2772 254 2821 Succidaneae
277 2780 423 2834 disputationi
443 2781 501 2824 haud
525 2782 600 2835 inepte
615 2781 682 2823 finem
699 2781 773 2824 facere
789 2796 856 2836 posse

773 2859 784 2892 5
