2051 3214
461 131 489 174 73

88 263 135 307 Sar.
157 249 166 302 l
188 260 222 302 16.
239 260 259 303 9.
284 259 379 302 Flamini
403 275 456 304 vero
479 260 542 312 Diali,
566 267 645 316 utpote
669 273 758 314 semper
782 259 868 310 feriato,

87 342 174 384 semper
197 341 333 381 praeconem
357 330 506 372 antecessisse
530 330 641 381 existimo,
665 329 693 371 cf.
710 327 867 370 Paululum

86 403 104 444 L
120 399 170 442 293.
187 397 268 453 Vir-gas
284 411 374 453 quoque
389 405 509 453 pergentes
523 400 552 441 ad
560 413 624 441 sacra
631 397 733 440 flamines
741 397 868 450 portabant,

86 475 109 512 ut
124 469 224 520 impuros
240 473 378 517 amoverent,
396 473 455 510 teste
471 466 538 510 Paulo
554 468 577 509 M
593 468 623 510 64
639 466 658 508 L
675 466 710 509 56.

115 534 171 578 Cum
188 533 240 576 alibi
256 541 304 576 tum
320 535 411 577 veroin
427 535 538 578 sacrificiis
552 535 661 578 faciendis
674 533 791 576 cautiones
805 537 868 574 erant

86 602 218 656 multiplices
234 609 257 644 et
272 603 353 645 variae.
370 602 471 646 Solemni
484 617 539 646 voce
552 604 591 646 lzoe
598 617 641 657 age
649 614 763 645 sacrorum
773 599 869 643 ministri

15 682 16 685 ’
85 672 218 715 iubebantur
241 672 328 713 animos
352 671 434 714 habere
457 673 567 724 intentos;
583 659 685 714 formulis
702 677 776 713 autem
789 668 869 723 favete

86 738 173 794 liugur's
196 739 230 782 vel
250 740 339 794 parcito
362 740 466 796 linguam
491 742 661 784 circumstantes
678 740 829 782 monebantur
844 742 868 778 ut

86 807 181 859 silerent,
206 820 235 849 ne
258 808 331 850 verbis
354 808 457 851 infaustis
481 810 596 852 turbarent
620 809 695 851 omina
705 804 729 864 ¹).
751 807 786 849 Ac
801 819 829 848 ne
845 805 867 846 in

85 875 137 929 ipsis
166 878 270 929 precibus
297 877 384 930 piacula
408 878 585 929 admitterentur,
609 890 654 920 non
678 875 750 918 solum
773 873 868 916 ministri

86 950 155 995 erant,
169 944 206 997 qui
223 958 315 998 precum
331 946 430 987 carmina
445 946 564 1000 praeirent,
581 945 703 988 sedetiam
719 944 757 999 qui
765 941 867 985 attende-

86 1017 141 1062 rent,
166 1025 195 1053 ne
219 1013 292 1055 verbis
316 1013 446 1056 sacerdotes
470 1015 606 1065 aberrarent,
630 1020 689 1055 teste
705 1011 775 1054 Plinio
791 1010 821 1053 N.
836 1009 865 1053 H.

85 1079 177 1121 XXVlll
194 1081 218 1122 11
242 1081 388 1123 uidemus...
410 1096 438 1124 ue
452 1083 511 1137 quod
526 1082 640 1124 uerborum
652 1085 811 1135 praetereatur
827 1084 869 1119 aut

82 1153 251 1202 praeposteram
273 1148 370 1201 dicatur,
387 1151 415 1192 de
429 1150 511 1204 sarapta
523 1150 616 1204 praeire
632 1149 728 1205 aliquem
744 1160 867 1202 rursusque

86 1213 156 1256 alium
177 1216 288 1258 custodem
305 1218 360 1260 dari
373 1218 413 1273 qui
428 1210 673 1273 atterodat2).''Libellis
689 1229 778 1271 quoque
794 1228 867 1258 sacer-

85 1284 149 1324 dotes
172 1285 299 1337 utebantur,
323 1300 352 1328 ne
375 1288 505 1330 aberrarent
514 1283 539 1341 ³).
564 1286 665 1340 Denique
688 1298 716 1326 ne
740 1284 866 1326 sacrificans

2 1351 17 1356 ”
85 1351 137 1405 quid
153 1351 213 1394 aliud
229 1354 316 1397 audiret
332 1355 451 1407 videretve,
468 1356 529 1409 quod
545 1354 627 1396 malurn
644 1366 709 1395 omen
724 1366 774 1395 esse
782 1358 866 1406 posset,

84 1419 165 1462 tibicen
181 1422 323 1464 continenter
339 1424 440 1475 canebat,
457 1429 569 1478 caputque
585 1422 708 1464 sacerdotis
724 1428 790 1475 togae
803 1426 866 1474 parte

38 1487 40 1491 '
85 1494 132 1530 erat
155 1490 297 1542 adopertum,
322 1491 350 1533 cf.
374 1491 428 1533 Plin.
452 1493 467 1534 l.
484 1493 512 1543 l.;
532 1491 626 1544 Dionys.
647 1490 686 1531 XII
701 1490 741 1541 22;
757 1488 866 1543 imprimis

83 1554 144 1598 Serv.
161 1557 189 1599 ad
206 1557 272 1614 Verg.
289 1559 345 1601 Aru.
362 1560 383 1601 V
399 1560 442 1602 755
458 1559 506 1601 rr'tu
526 1557 618 1609 Gabz'uo,
635 1558 661 1600 r'd
676 1563 710 1599 est
724 1564 787 1612 togae
799 1562 867 1612 parte

83 1629 151 1677 eaput
165 1626 241 1677 velati,
258 1634 281 1669 et
297 1628 326 1669 ad
341 1628 396 1669 Aeu.
413 1628 440 1669 ΙΙΙ
455 1627 499 1670 407
512 1640 569 1669 saue
575 1626 697 1676 rer'eudum,
707 1625 866 1680 sacrificantes

83 1690 130 1733 diis
153 1693 255 1736 omuibus
278 1695 354 1750 capita
377 1698 452 1738 velare
476 1702 596 1746 rousuelos,
622 1695 645 1736 ob
669 1695 707 1736 uae
724 1708 751 1736 ue
767 1707 790 1736 se
806 1694 867 1736 iuter

83 1760 212 1815 relr'gz‘ouem
236 1764 326 1819 aliquid
348 1766 416 1819 vagis
432 1765 523 1819 offerret
536 1764 654 1814 obtutubus,
672 1768 759 1818 excepto
776 1768 865 1804 tautum

84 1827 183 1871 Suturuo
191 1828 215 1884 4).

84 1940 179 1950 ——--.

106 2002 123 2049 1)
137 2005 166 2040 De
186 2006 273 2044 formulis
291 2009 353 2045 allatis
370 2009 394 2044 cf.
408 2009 623 2055 Marquardt-Wissowa
636 2008 658 2042 R.
671 2008 696 2043 St.
715 2008 734 2045 V.
747 2008 777 2051 Hi,
791 2019 809 2053 p.
825 2010 864 2050 176,

83 2063 166 2096 n.1—3.
358 2070 360 2074 ”

106 2114 123 2159 2)
136 2116 194 2152 Varia
206 2119 319 2156 testimonia
333 2121 383 2166 apud
397 2121 614 2167 Marquardt-Wissowa
627 2121 639 2155 l.
653 2120 671 2164 t,
684 2132 702 2166 p.
716 2122 756 2163 177,
769 2132 788 2155 n.
801 2124 818 2157 4.

105 2170 123 2215 3)
137 2172 217 2208 Heuzen
230 2174 253 2209 Α.
267 2175 300 2209 Fr.
314 2176 344 2219 A,
357 2188 375 2222 p.
389 2180 411 2212 26
424 2181 444 2212 et
457 2176 542 2219 27,‘acta
555 2178 600 2213 anni
613 2180 647 2212 218
661 2181 680 2212 et
693 2180 734 2212 219.

106 2225 123 2271 4)
137 2227 219 2266 Causam
236 2231 295 2276 igitur
306 2232 383 2277 eapitis
401 2234 480 2269 velandi
498 2234 535 2278 ipsi
554 2234 636 2268 Romani
654 2237 751 2268 testantur
764 2231 865 2267 eoutiomm
883 2274 884 2278 Ἰ

82 2281 146 2326 fuisse,
165 2287 250 2332 nequid
263 2288 308 2323 mali
321 2289 391 2324 ominis
404 2288 509 2325 audiretur.
522 2289 619 2326 Putabant
631 2289 682 2324 enim
695 2289 715 2324 in
728 2288 786 2324 rebus
799 2289 865 2332 sacris,

83 2340 135 2381 quod
152 2340 189 2384 ipsi
207 2353 246 2378 non
264 2345 377 2388 sensissent,
390 2345 409 2381 id
422 2344 459 2381 sibi
471 2347 510 2380 vim
523 2344 588 2382 facere
601 2355 640 2380 non
653 2354 717 2389 posse,
732 2344 756 2379 cf.
770 2344 865 2381 Catonem

78 2394 106 2428 'de
125 2398 216 2441 auspiciis
235 2404 326 2444 agentem
346 2401 397 2446 apud
417 2401 469 2437 Fest.
488 2402 507 2437 Μ
522 2404 556 2437 236
570 2401 586 2437 L
599 2404 638 2436 268.
658 2401 714 2436 Multi
730 2405 795 2437 autem
808 2400 865 2436 huius

81 2452 149 2488 aetatis
167 2455 202 2489 viri
221 2456 273 2491 docti
291 2457 356 2493 velum
375 2458 487 2493 existimant
507 2469 549 2493 esse
562 2458 639 2504 signum
647 2456 763 2503 purificatus
775 2456 806 2493 vel
819 2456 866 2492 obla-

81 2504 134 2541 tr'om's
152 2510 184 2545 vel
202 2511 348 2556 consecrationes,
368 2513 433 2558 (Diels,
453 2512 514 2559 Sibyla
528 2513 591 2557 Blera,
605 2524 623 2558 p.
637 2516 681 2557 1223
695 2512 771 2549 Samter
783 2513 802 2548 in
815 2512 864 2548 Pru.

82 2562 196 2619 Liuiam.
216 2578 234 2612 p.
256 2570 299 2611 5375
319 2569 413 2612 Reinach,
434 2568 480 2603 Cult.
499 2569 559 2614 Myra.
577 2567 638 2615 Relr'g.
657 2569 671 2612 I,
690 2580 708 2614 p.
728 2573 772 2611 2993
791 2570 864 2605 Warde

81 2617 97 2652 F
98 2621 161 2664 owler,
182 2622 219 2657 Tae
233 2623 328 2670 Religious
340 2624 460 2670 Experieuee,
473 2636 492 2670 p.
507 2630 546 2670 195,
559 2633 582 2660 nl
591 2628 619 2669 35,
634 2627 667 2671 qui
681 2627 729 2662 alios
742 2626 768 2661 ibi
781 2625 865 2671 allegat).

83 2673 138 2720 Quae
156 2679 202 2715 licet
220 2680 301 2717 forsitan
320 2682 359 2717 sint
377 2687 429 2725 ver'a,
449 2693 489 2718 non
506 2688 571 2718 tamen
587 2683 721 2718 Romanorum
738 2687 823 2718 mentem
836 2693 865 2717 as·

82 2739 195 2776 sequuntur.
215 2737 279 2783 Saepe
298 2740 356 2783 enim,
375 2740 404 2774 uti
422 2739 461 2775 iarn
480 2744 538 2776 antea
550 2740 596 2783 dixi,
610 2744 701 2775 manente
716 2741 814 2776 exteriore
826 2739 864 2774 ritu

16 2793 17 2796 ’
83 2792 102 2822 et
120 2789 188 2836 forma,
208 2795 227 2830 id
246 2795 300 2839 quod
319 2794 358 2831 ritu
377 2795 500 2844 significatur,
520 2797 599 2833 omnino
616 2792 704 2833 videmus
721 2801 821 2834 mutatum.
834 2796 864 2831 De
