2051 3214
575 147 603 190 36

198 272 283 327 placitis
307 287 391 325 eorum,
416 273 453 328 qui
468 280 548 327 putant
563 275 632 316 verbo
645 272 731 329 piandi
737 273 789 315 'iam
805 273 857 315 inde
873 273 901 314 ab
917 273 979 316 initio

198 342 242 383 vim
262 342 383 397 purgandi
405 341 473 383 tuisse
496 343 615 394 subditam,
640 343 737 385 nativam
760 348 835 384 autem
851 341 910 383 illam
923 347 979 396 pur-

194 409 271 464 gandi
292 410 475 466 significationem
499 411 528 451 ad
550 412 642 453 verbum
666 409 783 453 lustrandi
806 416 830 452 ut
853 411 883 452 ita
906 410 979 452 dicam

198 478 308 531 recepisse
324 479 474 540 semetipsam,
491 491 541 520 cum
557 478 663 533 paulatim
678 479 720 532 ipsi
732 477 818 533 pinndi
833 478 901 520 verbo
917 479 979 520 notio

193 552 279 600 poenus
294 546 374 589 luendi
389 547 526 600 subreperet.

227 612 310 656 Contra
334 628 375 656 nec
392 614 506 670 puritatis
522 628 563 657 nec
579 616 657 669 euipne
673 615 735 657 notio
752 627 802 657 cum
816 615 884 656 verbo
893 613 980 668 piandi

196 682 325 725 naturaliter
347 696 449 725 connexa
473 689 514 733 est,
538 684 578 725 sed
599 697 625 724 ea
646 691 740 735 tanturn,
756 696 822 738 quarn
839 683 978 725 ostendimus

193 751 306 805 placandi
325 758 348 793 et
369 751 476 794 sunundi.
494 752 570 806 ltaque
586 765 632 794 non
648 753 716 794 modo
733 765 786 794 vero
802 758 978 794 consentaneum

196 820 241 862 non
265 826 299 862 est
319 819 391 874 piore,
416 826 526 873 quatenus
546 819 704 875 purgationem
728 821 839 871 ostendat,
861 818 979 863 lustrandi

196 888 263 930 verbo
287 887 336 930 loco
361 888 462 939 cessisse,
487 889 527 930 sed
548 890 580 931 uti
596 889 691 931 vidimus
707 901 753 930 non
769 902 819 931 raro
835 888 919 930 factum
936 896 976 939 est,

196 963 220 999 ut
238 949 304 1010 piore
324 956 392 997 verbo
409 955 527 998 lustrandi
542 957 678 1008 succederet,
695 956 752 998 sicut
768 962 790 998 et
806 956 857 999 olim
870 955 978 1011 piamina

196 1024 332 1066 successisse
342 1015 441 1076 februis,
459 1025 512 1078 ipsis
529 1025 601 1067 verbis
618 1024 711 1067 Ovidius
728 1030 829 1067 testatur.

224 1090 292 1144 Quod
307 1098 382 1133 autem
398 1092 427 1133 ad
444 1092 551 1134 vocabula
567 1092 647 1135 attinet
659 1092 750 1147 pinculi
764 1100 830 1147 atque
840 1093 975 1148 piacularis,

197 1160 308 1202 rarissime
332 1159 373 1201 illis
394 1161 437 1201 vim
450 1160 598 1215 purgationis
613 1162 706 1202 subesse
722 1174 750 1202 ex
765 1161 818 1215 ipsis
834 1162 976 1215 antiquorum

195 1229 328 1271 testimoniis
352 1228 447 1270 dilucide
463 1229 613 1282 probavimus.
629 1229 705 1284 ltaque
720 1229 743 1270 in
757 1225 911 1271 Romanorum
927 1243 976 1283 per·

195 1296 319 1338 scrutandis
343 1297 461 1347 sacrificiis,
485 1297 540 1338 haec
563 1310 616 1351 prae
640 1297 719 1339 ceteris
742 1310 821 1339 norma
836 1304 904 1352 atque
919 1298 975 1339 ratio

195 1365 287 1406 firmiter
311 1365 430 1407 statuenda
453 1372 475 1407 et
499 1367 596 1408 tenenda
620 1372 660 1416 est,
677 1364 773 1420 piaculo
793 1371 815 1407 et
829 1365 975 1407 lustrationes

195 1433 287 1474 omnino
315 1433 415 1475 diversos
443 1433 525 1475 habere
548 1432 680 1484 intellectus,
705 1446 839 1487 quamquam
862 1434 973 1475 interdum

193 1500 278 1543 tactum
303 1507 344 1552 est,
367 1507 392 1543 ut
415 1502 437 1542 in
460 1502 513 1543 iuris
535 1503 590 1543 sacri
611 1499 724 1543 vocabulis
748 1501 854 1556 eligendis
879 1501 974 1554 scriptor

193 1569 287 1611 Latinus
304 1569 376 1611 minus
393 1568 509 1624 diligenter
525 1576 547 1612 et
562 1576 665 1611 accurate
681 1569 709 1611 sit
725 1575 832 1610 versatus,

222 1635 286 1689 Quae
309 1637 327 1678 si
350 1637 472 1692 negaveris,
496 1638 565 1680 immo
586 1638 727 1680 contenderis
740 1636 835 1691 pineulu
851 1644 873 1679 et
889 1638 973 1679 lustru-

193 1703 263 1746 n'ones
278 1704 406 1747 naturaliter
422 1705 481 1746 idem
498 1704 602 1756 valuisse;
620 1718 647 1747 ne
662 1720 675 1747 a
690 1711 713 1747 te
725 1705 774 1758 ipso
791 1704 893 1747 discedas
900 1704 972 1755 velim,

192 1773 232 1815 sed
256 1773 374 1824 concedas,
397 1773 514 1827 pontifices
538 1773 652 1816 Romanos
675 1774 698 1814 in
714 1772 820 1828 eligendis
836 1773 889 1814 iuris
905 1773 972 1814 divini

192 1840 305 1883 vocabulis
321 1842 416 1895 propriis
432 1840 500 1883 luisse
516 1855 582 1895 quam
599 1841 785 1897 diligentissimos,
803 1841 843 1883 sed
859 1848 934 1883 tamen
950 1842 972 1882 in

191 1909 244 1963 ipsis
261 1910 345 1961 ritibus,
363 1911 400 1963 qui
415 1909 523 1952 Romanis
539 1923 675 1966 magnopere
691 1911 753 1952 cordi
769 1916 832 1952 erant
847 1932 877 1938 -
892 1907 972 1951 lustra-

191 1978 270 2029 tiones,
292 1979 441 2032 purgationes,
465 1978 616 2033 prodigiorum
639 1978 815 2032 procurationes,
836 1976 922 2031 piacula
944 2000 971 2007 -

191 2045 299 2088 voeabula
315 2046 368 2088 artis
383 2047 476 2089 omnino
492 2046 562 2088 fuisse
578 2046 671 2089 contusa
687 2059 713 2087 ac
729 2046 870 2088 conturbata.

221 2113 288 2167 Quod
310 2114 346 2168 qui
367 2115 409 2157 sibi
424 2115 541 2168 persuasit,
557 2115 575 2156 is
592 2127 660 2157 sensu
676 2114 751 2156 nativo
767 2126 847 2156 vocum
860 2112 898 2168 pii
912 2120 971 2155 cete·

191 2195 265 2223 rorum
289 2182 391 2236 neglecto
411 2183 569 2225 sacrificiorum
586 2184 664 2225 horum
680 2189 751 2224 artem
768 2176 790 2223 et
805 2182 914 2224 rationem
930 2195 971 2224 suo

191 2256 262 2292 marte
278 2251 320 2292 sibi
335 2250 404 2305 fingat
420 2257 515 2304 oportet,
529 2252 589 2305 quod
598 2251 687 2305 quidem
697 2248 970 2304 fecitssouche-Leclercq,

185 2317 265 2360 multis
289 2318 335 2360 aliis
358 2319 381 2360 in
397 2319 463 2360 rebus
479 2331 525 2361 non
541 2319 588 2360 sine
604 2332 684 2374 magna
701 2319 802 2360 doctrina
818 2324 884 2372 atque
900 2318 971 2359 erudi-

190 2387 251 2428 tione
267 2387 295 2428 de
311 2385 449 2429 Graecorum
465 2393 488 2428 et
500 2387 653 2429 Romanorum
667 2387 835 2429 lustrationibus
848 2387 970 2439 disputans.

192 2455 241 2508 „Eu
262 2451 357 2496 sornrne'’
374 2455 444 2509 inquit
455 2451 472 2509 ¹)
490 2452 610 2509 „l'ene'gise
622 2453 774 2509 plrilologique
789 2467 817 2495 ne
828 2459 915 2508 peruret
925 2460 971 2508 pus

190 2518 300 2564 d'usseoir
322 2536 363 2563 sur
384 2528 436 2564 tunt
455 2523 482 2563 u'e
503 2527 582 2563 terines
598 2522 803 2576 intereleungeubles
818 2535 861 2563 une
876 2521 970 2563 distinc-

191 2590 237 2632 tion
261 2596 319 2632 nette
341 2596 403 2632 entre
426 2591 449 2632 in
470 2589 620 2644 purificatiou
644 2604 671 2632 ou
695 2589 817 2631 instrenuo
830 2595 971 2644 proprement

190 2658 236 2700 dite
259 2665 282 2700 et
303 2658 436 2713 l'enpiution
459 2657 586 2712 religieuse.
604 2656 665 2700 C’est
678 2671 719 2713 que
733 2671 768 2699 ees
783 2657 844 2699 deun
859 2657 970 2699 rnuniires

214 2808 230 2853 1)
244 2807 459 2854 Daremberg-Saglio,
473 2808 511 2849 tt,
524 2818 541 2852 p.
556 2810 607 2843 1406.
