2051 3214
459 536 465 557 ἔ

279 599 384 643 OPERIS
409 599 586 644 CONCLUSIO.

70 744 127 785 Huic
152 745 179 785 de
195 744 349 785 Romanorum
366 743 457 797 piaculis
473 744 619 798 disputationi
634 746 702 787 finem
717 746 761 786 iam
779 744 824 785 sac-

41 819 103 854 turus
128 811 237 855 corollarii
260 811 310 854 loco
334 813 492 855 adnotationes
516 820 537 855 et
561 813 716 856 conclusiones
739 812 824 868 aliquot

41 881 124 923 addere
140 880 212 931 velim,
229 894 286 935 quae
303 893 353 922 cum
371 881 462 923 materia
478 887 573 924 tractata
589 888 650 924 arete
667 881 793 924 cohaerent.

69 1017 93 1058 ln
118 1016 256 1060 ethnicorum
279 1017 494 1075 primitivorumque‚
518 1031 575 1071 quos
596 1023 683 1070 vocant,
701 1016 761 1060 cultu
778 1018 823 1059 riti-

41 1087 127 1140 busque
149 1086 193 1128 duo
209 1085 403 1138 diversaprorsus
419 1086 477 1127 inter
493 1099 517 1127 se
533 1086 725 1128 caeremoniarum
741 1098 824 1141 genera

41 1152 202 1207 distinguamus
226 1159 322 1207 oportet,
351 1153 493 1208 magicas
516 1153 566 1196 dico
583 1142 613 1195 set
636 1153 822 1208 religiosas.

40 1220 96 1262 Nam
117 1220 234 1275 religiosae
250 1221 404 1263 caeremoniae
419 1222 556 1276 agnitionem
572 1234 661 1275 semper
677 1221 823 1264 manifestant

40 1290 136 1331 numinis
160 1289 264 1341 supremi,
290 1290 350 1344 quod
374 1290 477 1343 precibus
500 1289 660 1344 sacrificiisque
679 1290 748 1332 homo
769 1303 823 1332 suae

40 1356 164 1411 fragilitatis
187 1357 246 1399 haud
270 1357 395 1408 immemor,
419 1358 499 1400 adorat
522 1357 574 1400 colit
589 1357 663 1411 placat
678 1358 822 1412 deprecatum

41 1427 113 1480 magia
144 1439 197 1467 vero
221 1439 325 1479 supremo
349 1426 434 1468 numini
456 1439 598 1481 nequaquam
621 1426 729 1476 subiecta,
752 1426 822 1467 immo

40 1494 169 1547 saepissime
185 1495 278 1536 adversa
293 1500 360 1549 atque
376 1495 494 1546 contraria,
512 1495 593 1537 viribus
610 1493 703 1537 occultis
718 1494 823 1537 adhibitis

40 1574 90 1603 cum
114 1563 247 1605 certitudine
270 1563 367 1617 quadam
382 1562 486 1605 absoluta
502 1577 528 1605 ea
544 1563 632 1604 efficere
648 1569 748 1613 conatur,
765 1575 823 1616 quae

40 1631 96 1672 vires
121 1637 213 1672 naturae
234 1631 327 1673 omnino
342 1632 506 1673 transcendunt
520 1645 622 1686 quaeque
637 1630 716 1674 morali
730 1643 822 1684 precum

40 1698 159 1741 efficientia
172 1699 275 1741 homines
290 1713 303 1740 a
312 1700 454 1741 moderatore
464 1712 569 1753 supremo
579 1700 693 1753 impetrari
700 1711 768 1753 posse
776 1710 822 1739 non

39 1768 133 1809 credunt
144 1763 166 1823 ¹).
184 1766 299 1820 Multiplici
315 1773 389 1809 autem
406 1773 428 1808 et
452 1767 513 1809 vario
537 1780 612 1809 errore
634 1768 736 1809 homines
757 1769 779 1807 e't
799 1766 822 1807 in

39 1835 151 1889 agnitione
175 1841 196 1876 et
219 1835 242 1876 in
266 1835 326 1877 cultu
349 1835 447 1887 supremi
471 1835 568 1877 numinis
592 1842 681 1877 arecta
697 1835 783 1876 ratione
799 1839 822 1875 et

28 1899 149 1944 'humanae
165 1911 258 1946 naturae
275 1903 382 1959 dignitate
396 1903 542 1956 deflexerunt,
556 1904 671 1959 inquibus
685 1910 732 1946 tum
741 1915 821 1958 agnos-

39 1971 104 2012 cendi
127 1977 174 2012 tum
195 1971 284 2014 colendi
305 1971 416 2013 erroribus
433 1972 562 2025 superstitio
578 1973 651 2025 posita
666 1977 707 2023 est,
725 1984 782 2025 quae
797 1976 822 2012 ut

39 2038 79 2080 flos
103 2039 213 2092 parasitus
236 2041 258 2082 in
282 2040 329 2093 ipsa
353 2039 458 2095 religione
479 2040 601 2092 radicatur;
618 2039 744 2082 deformata
761 2040 821 2081 enim

38 2106 115 2161 religio
130 2114 165 2149 est
182 2108 318 2161 superstitio.

68 2175 132 2228 Quae
148 2189 198 2218 cum
214 2177 245 2218 ita
260 2176 311 2227 sint,
328 2175 400 2231 magia
415 2182 438 2217 ct
453 2176 530 2232 religio
546 2177 639 2219 omnino
653 2176 711 2218 inter
727 2189 752 2217 se
768 2188 836 2217 con->

39 2244 118 2285 trariae
134 2251 191 2287 sunt.
209 2244 272 2298 Quae
289 2250 366 2286 mutua
382 2245 535 2299 repugnantia,
552 2259 581 2286 ex
593 2244 641 2298 ipsa
654 2257 728 2286 rerum
742 2249 821 2285 natura

39 2317 97 2366 nata,
122 2325 167 2354 non
192 2319 271 2354 exorta
294 2319 328 2354 est
344 2313 440 2354 decursu
455 2319 590 2366 temporum,
607 2312 647 2354 sed
664 2312 708 2353 iam
723 2311 776 2353 inde
792 2312 821 2353 ab

38 2379 100 2421 initio
117 2380 192 2423 valuit.
207 2380 259 2423 Ideo
275 2380 323 2422 fieri
338 2393 383 2421 non
399 2386 481 2433 potest,
498 2386 521 2422 ut
537 2379 614 2435 religio
630 2393 642 2421 e
658 2379 746 2435 magico
760 2378 821 2421 cultu

39 2447 166 2491 effloruerit.
183 2449 254 2491 Recte
269 2448 336 2504 igitur
351 2445 505 2505 Schrijnen²):
523 2448 584 2501 „Hoc
599 2449 655 2503 laag
669 2448 707 2490 het
717 2447 767 2503 pail
781 2447 821 2489 der

62 2589 78 2633 1)
92 2589 119 2624 Cf.
139 2589 231 2631 Schmidt,
251 2588 285 2623 der
305 2563 409 2634 Ursplrqu
426 2589 460 2623 der
481 2588 583 2632 Gatresider,
597 2600 615 2634 p.
629 2592 663 2623 438
677 2599 716 2634 sq.;
729 2588 757 2623 Le
770 2588 820 2634 Royy
886 2565 887 2572 l

38 2645 57 2679 la
74 2644 152 2691 religion
171 2644 202 2679 [les
218 2644 319 2690 prirnitisn
338 2655 356 2689 p.
374 2648 409 2679 328
423 2656 451 2691 sq.
457 2658 461 2690 ς
480 2646 588 2691 Lagrange,
608 2644 697 2690 rclz‘giom
709 2643 818 2689 schritiqrcm,

38 2705 198 2804 p⁴2l4lSchrijnem
211 2756 279 2803 Essnys
291 2767 313 2791 cn
325 2756 400 2791 sardin
414 2757 433 2792 iu
440 2756 574 2804 vergcltjkendr
581 2755 818 2802 Godsdiensrgmtredenis,

38 2812 149 2860 [interroga
161 2824 183 2848 cu
196 2812 285 2857 Folklore,
298 2824 317 2859 p.
330 2817 369 2849 132.
