2051 3214
583 134 612 176 64

236 261 356 317 Quales
382 259 508 301 fuerint
531 260 763 311 succidaneae,
788 259 844 303 Cato
868 260 894 301 de
916 257 985 313 agric,

208 333 256 383 141,
273 332 288 372 4
311 330 394 372 docens
415 328 452 383 qui
467 340 546 383 agrum
562 328 657 370 lustrare
673 336 783 383 oporteat,
800 330 857 371 bene
874 328 986 380 ostendit;

206 400 228 442 si
251 399 333 449 ninus,
357 397 434 452 inquit,
461 395 485 438 in
514 396 587 438 ornuis
610 396 693 447 litabit,
718 396 750 438 sic
774 397 840 439 verba
868 386 987 451 concubita:

204 469 279 511 ‘Mars
297 472 369 522 pater,
393 464 485 520 siquid
500 464 542 506 tibi
557 464 581 506 in
598 465 669 507 illisce
684 464 872 507 suaaitanrilibus
887 465 987 508 laetenti-

207 538 248 579 bus
264 548 332 591 neque
347 533 493 587 satisfactura
511 540 549 584 est,
568 540 588 575 te
603 533 663 575 bisce
677 533 866 576 suauitaurilibus
877 532 987 588 piacula’;

207 605 229 647 si
251 604 275 646 in
299 616 343 645 una
367 602 479 644 duobusve
502 601 621 652 dubitabit,
647 601 678 644 sic
699 602 766 644 verba
781 601 899 656 concupito:
913 601 987 643 ‘Mars

204 679 276 729 pater,
301 672 361 727 quad
384 670 425 712 tibi
448 669 498 712 illac
518 676 584 724 parea
608 683 676 725 rreqree
696 669 842 723 satisfactura
859 677 896 720 est,
915 676 936 711 te
950 669 987 710 boe

204 748 270 796 ,barca
290 737 396 795 piaculo'.
420 738 506 792 Quibus
530 737 622 780 Catonis
647 740 718 780 verbis
741 739 806 792 plane
822 740 988 781 demonstratur

157 842 159 847 r
207 809 365 851 succidaneam
391 806 456 848 simul
479 819 529 848 esse
552 806 737 849 instaurationem
762 807 862 848 sacrificii
885 812 908 848 et
931 808 988 848 sacri

208 877 323 920 commissi
344 874 462 930 piaculum.
486 874 566 916 Iniuria
585 875 651 930 igitur
666 875 823 917 succidaneam
839 882 861 919 et
876 875 987 929 piaculum

207 954 233 989 ut
261 959 321 987 rem
351 959 364 986 a
387 957 418 985 re
443 943 582 998 distinguunt
606 943 717 986 Wissowa
741 951 764 986 et
787 944 872 986 Warde
890 941 987 986 Fouler.

209 1006 325 1064 Wissoua,
349 1013 377 1055 R.
393 1005 440 1062 Kb,
464 1025 485 1065 p.
502 1013 556 1055 393:
581 1011 711 1066 „Zurralcbst
725 1011 757 1054 ist
771 1012 808 1054 die
822 1012 989 1066 Darbringung

209 1098 240 1126 an
263 1083 301 1125 die
326 1080 429 1134 Gottbeit,
452 1081 487 1122 bei
510 1080 576 1123 deren
591 1080 716 1136 Begebung
730 1087 787 1124 etiaa
802 1081 839 1124 ein
852 1080 986 1123 ‘liaculuru’

209 1150 300 1206 aorfiel,
319 1150 373 1191 abne
392 1148 492 1202 aaeiteres
507 1149 620 1203 ungdltig,
638 1149 672 1190 sie
687 1149 747 1191 aaird
761 1151 797 1193 als
813 1149 875 1193 nicbt
885 1149 990 1204 geleistit

210 1219 333 1275 augrseben
355 1216 404 1259 und
418 1231 482 1259 rnrrse
497 1216 627 1259 wiederbolt
641 1218 743 1268 eaerden;
758 1217 934 1271 der'Sebuldrgre
949 1216 990 1258 brat

200 1289 262 1341 ,aber
284 1287 332 1328 eine
355 1284 434 1339 Strafe
456 1283 584 1327 oerrntrett'
600 1284 684 1328 Warde
700 1285 793 1335 Fowler‚
810 1285 926 1340 Retrgnas
941 1285 987 1327 En-

205 1355 313 1410 periente,
337 1344 363 1408 pss
376 1355 429 1396 190:
455 1352 515 1407 ,Tne
537 1352 664 1407 cularit...
687 1353 735 1395 bad
755 1360 775 1395 ta
795 1361 836 1408 get
849 1353 889 1395 rid
903 1352 931 1407 af
943 1352 988 1394 tbis

208 1423 246 1465 sin
262 1437 286 1464 ar
301 1422 412 1476 impurato
428 1421 455 1474 by
472 1420 565 1463 nnatber
579 1421 683 1475 sacrifice
698 1420 771 1475 baefore
786 1422 822 1463 tlte
834 1421 903 1464 anate
916 1422 989 1463 ritnal

208 1491 274 1534 could
287 1491 312 1532 be
327 1490 415 1532 started
429 1488 507 1542 asresb
525 1487 695 1546 (instaurare)
707 1486 730 1546 1).
747 1490 796 1532 Hoc
812 1504 900 1545 quoque
909 1496 987 1532 notatu

210 1560 300 1614 dignum
317 1565 357 1610 est,
373 1559 395 1599 in
411 1558 531 1599 maioribus
548 1557 660 1600 sacrificiis
675 1559 806 1613 peragendis
823 1572 873 1601 cum
889 1559 911 1600 in
924 1565 987 1612 parte

209 1627 281 1683 aliqua
295 1633 354 1669 esset
370 1632 494 1680 peccatum,
510 1625 581 1667 solam
597 1627 654 1668 hanc
670 1634 757 1680 partem
773 1641 817 1669 non
832 1634 905 1669 totum
921 1627 987 1668 sacri-

209 1695 283 1737 ficium
306 1693 424 1736 instaurari
444 1693 555 1743 debuisse,
578 1695 638 1748 quod
653 1700 675 1736 et
691 1702 775 1748 postea,
793 1696 820 1737 de
836 1694 940 1737 ludorum
955 1694 987 1736 in·

210 1764 346 1806 stauratione
363 1762 509 1815 disputantes,
526 1762 658 1807 videbimus.
990 1752 991 1755 ¹

238 1832 294 1874 Mira
309 1830 419 1886 quaedam
435 1831 553 1873 traduntur
568 1844 581 1871 a
596 1829 673 1873 Servio
689 1832 717 1873 ad
725 1830 807 1886 Vergil.
816 1830 871 1874 Aen.
880 1831 929 1873 VIII
937 1831 986 1874 641:

210 1899 335 1955 iungebant
344 1898 440 1952 foedera
451 1905 534 1953 porea.
545 1933 549 1940 .
560 1931 563 1939 .
575 1897 641 1951 falsa
656 1905 730 1941 autern
746 1899 782 1941 ait
792 1906 874 1954 porca:
890 1913 943 1941 rcarn
957 1899 989 1940 ad

209 1968 247 2010 boe
259 1981 334 2022 genus
348 1967 461 2021 sacrificii
472 1973 554 2022 porcus
570 1966 730 2017 adbibebatur;
746 1981 796 2022 erga
812 1974 854 2010 aut
868 1967 990 2022 usurpavit

206 2051 281 2092 genus
301 2043 343 2091 pra
362 2049 487 2091 genere..,
513 2041 555 2077 aut
570 2042 626 2078 certe
642 2036 702 2078 illud
716 2036 819 2087 ostendit,
836 2036 890 2091 quia
906 2035 930 2077 in
946 2049 988 2077 arn-

210 2106 277 2147 nibus
293 2104 366 2146 sacris
377 2103 490 2157 feminini
501 2103 593 2157 generis
605 2105 661 2157 ,blus
674 2106 752 2146 valent
766 2104 881 2146 aictinrae:
895 2104 989 2158 denique

210 2172 232 2214 si
243 2179 285 2227 per
300 2186 382 2214 rnarern
399 2172 467 2214 litare
480 2185 523 2213 non
537 2178 632 2226 possent,
641 2172 775 2214 succidanea
783 2173 882 2214 dabatur
884 2170 988 2226 sencino:

210 2240 233 2282 si
255 2246 329 2282 auten
349 2247 392 2295 per
409 2239 523 2293 serninarn
544 2253 587 2281 nan
608 2239 719 2291 litassent,
737 2240 872 2283 succidanea
887 2239 990 2282 adbiberi

204 2323 254 2350 nan
274 2314 368 2362 poterat.
394 2306 417 2350 C.
433 2308 519 2350 Krause
535 2309 557 2350 in
574 2309 731 2362 disputatione,
748 2323 805 2363 quae
820 2309 946 2351 inscribitur
962 2309 989 2349 de

210 2376 360 2418 Rornanorum
383 2375 463 2419 bastiis
486 2376 625 2431 quaestiones
644 2378 742 2427 selectae,
759 2391 780 2431 p.
796 2379 823 2419 31
841 2378 908 2420 verba
924 2377 989 2419 allata

211 2445 281 2487 Servii
303 2444 363 2487 nihili
385 2444 458 2496 habet,
483 2457 534 2487 cum
558 2452 758 2488 commentatorem
778 2445 844 2488 istam
865 2447 989 2489 doctrinam

236 2629 253 2674 1)
266 2628 338 2664 Placita
351 2616 422 2664 'eorum
441 2628 519 2663 minime
538 2628 646 2673 probantur
664 2630 728 2665 uerbis
747 2629 796 2665 Liuii
812 2628 897 2665 XL116.
911 2633 926 2672 1,
940 2640 989 2675 quae

212 2685 266 2721 affert
281 2686 376 2721 Wissowa
394 2684 425 2721 ll.
444 2695 462 2729 p.
477 2686 510 2720 393
524 2695 542 2718 n.
557 2688 576 2725 15
589 2685 734 2721 Lanuvinorum
748 2687 799 2720 enim
811 2696 876 2730 poena
888 2686 990 2721 constabat

211 2742 231 2776 in
250 2741 348 2777 solvendis
366 2740 458 2785 impensis
477 2741 537 2785 ipsius
556 2741 707 2784 instaurationis,
726 2752 776 2786 quae
795 2751 859 2786 poena
878 2746 919 2777 erat
937 2752 989 2777 mere

213 2798 280 2833 ciuilis.
