2051 3214
562 119 592 161 90

259 320 275 352 3.
296 326 324 355 DE
339 325 432 355 PIACULIS
449 325 523 355 OPERIS
539 326 638 366 uncinum
654 326 770 363 OPERISQUE
786 327 893 356 PERFECTI.

213 439 237 481 ln
260 439 421 483 Romanorum·
437 438 497 481 cultu
521 446 588 494 atque
612 441 718 496 religione
738 440 841 483 homines
860 441 910 493 pios
930 446 968 482 aut

184 506 391 551 necessitate
423 514 559 550 coactos
591 516 629 551 aut
660 509 847 551 iustissima
871 520 968 550 causa

183 576 342 630 impulsos
365 589 534 629 nonnumquam
559 578 681 630 prudentes
704 576 785 631 piaculi
808 576 968 618 commissione

183 644 274 687 laesisse
290 645 324 687 ius
341 644 439 687 divinum
456 643 617 697 difficillimum,
635 646 698 688 facile
714 644 849 700 intelligitur.

213 711 336 755 Causae
357 719 432 755 autem
457 719 523 755 tres
548 720 618 765 erant,
643 728 681 756 cur
702 714 751 757 talis
767 713 835 756 homo
851 712 967 767 piacularis

183 782 285 823 sacrificii
301 782 439 823 liberaretur.

213 865 233 892 a.
248 849 272 892 Si
288 863 341 892 vera
357 850 434 891 aderat
450 850 581 901 necessitas,
598 850 632 892 vel
649 850 738 906 aliqaiel
745 850 777 892 ad
784 855 899 905 argenteae
908 848 969 890 vitae

183 917 306 960 utilitatem
327 916 466 972 respiciebat,
492 924 516 959 ut
539 917 586 959 iure
610 920 715 961 observat
738 918 865 961 Macrobius
889 916 938 960 Sat.
959 917 968 958 l
1023 957 1024 960 ,

185 986 218 1028 16.
245 988 278 1028 11.
303 985 365 1040 Qaid
387 986 447 1028 enim
460 985 621 1028 observationi
644 988 710 1039 latas,
736 987 766 1028 ait
786 986 796 1042 l
814 986 848 1028 16.
865 986 901 1036 20,
917 998 967 1026 eaar

183 1053 282 1108 eligendi
299 1052 406 1107 facultas
422 1066 465 1095 aaa
481 1053 598 1107 supersit?
611 1053 640 1096 Et
655 1061 716 1097 recte
732 1054 822 1097 Seruius
838 1055 867 1095 ad
883 1051 966 1108 Vergil.

186 1119 263 1176 Geaeg.
280 1121 360 1165 1270:
376 1121 461 1163 seiaaas
477 1121 607 1164 necessitati
621 1122 751 1177 religionem
767 1123 847 1164 cedere.

213 1190 235 1232 b.
259 1189 284 1232 Si
312 1190 361 1244 quis
385 1203 441 1243 opus
465 1189 493 1231 ad
517 1191 572 1232 deos
595 1192 710 1243 pertinens
734 1203 877 1233 sacrorumve
900 1189 973 1231 causa*

184 1257 287 1310 faciebat,
312 1258 341 1300 cf.
364 1258 462 1300 Macrob,
482 1258 536 1301 Sat.
560 1258 620 1301 116.
638 1261 671 1301 11.
695 1260 745 1301 Lex
764 1258 842 1313 templi
862 1258 967 1301 Furfonis

186 1323 207 1368 C.
226 1325 243 1367 t.
260 1325 286 1367 L.
303 1326 362 1369 3513
378 1324 415 1382 (=
424 1324 512 1378 munst,
528 1341 550 1380 p.
566 1326 619 1383 260)
643 1334 667 1370 ut
690 1328 757 1370 aedes
782 1327 910 1369 reficeretur
933 1326 967 1368 vel

180 1392 247 1447 feeea
263 1394 307 1436 aeti
318 1395 407 1448 absque
423 1394 529 1448 piaculari
544 1395 651 1438 sacrificio
667 1396 760 1438 sinebat.

214 1475 232 1504 c.
248 1461 272 1505 Si
293 1463 365 1505 maius
385 1469 407 1505 et
423 1464 497 1505 minus
513 1462 576 1505 nefas
593 1464 651 1506 inter
667 1478 691 1507 se
707 1465 818 1507 contraria
835 1470 898 1506 erant
912 1476 966 1518 pug-

182 1532 318 1585 nabantque.
343 1531 373 1574 Ut
396 1530 501 1585 exemplo
522 1538 582 1574 utar:
599 1530 724 1587 Sacerdoti,
740 1533 775 1575 cui
791 1533 886 1574 cadaver
901 1533 967 1574 attin-

182 1610 235 1654 gere
258 1598 292 1641 fas
316 1612 361 1642 non
376 1605 439 1650 erat,
463 1612 514 1641 cum
537 1600 649 1654 insepulto
666 1614 760 1655 corpore
775 1600 866 1642 invento
882 1601 967 1642 maiore

182 1666 289 1721 religione
313 1674 405 1711 coactus
429 1667 517 1722 glebam
533 1668 615 1710 inicere
631 1669 756 1723 iubebatur,
772 1668 885 1722 piaculare
901 1669 967 1710 sacri-

182 1736 256 1777 ficium
279 1737 442 1790 praescriptum
465 1750 511 1778 non
535 1743 588 1779 erat.
609 1737 699 1791 Religio
720 1737 778 1779 eaira
794 1736 843 1779 alia
859 1736 967 1790 religione

182 1804 285 1855 salpitae,
296 1802 327 1847 'ut
342 1805 373 1846 ait
389 1804 481 1847 Servius
497 1806 526 1846 ad
542 1804 625 1860 Vergil.
641 1804 695 1846 Aea.
712 1805 752 1846 XII
767 1805 818 1847 245.

211 1871 236 1913 Si
251 1886 304 1915 vero
325 1873 389 1914 alia
409 1886 496 1915 causa
518 1872 602 1923 aderat,
619 1886 658 1914 cur
674 1886 762 1916 sacrum
779 1873 964 1922 committeretur,

182 1953 240 1994 quae
263 1953 400 1995 quamquam
424 1947 472 1983 erat
495 1941 610 1995 gravis,
634 1948 709 1982 tamen
734 1942 762 1982 ad
785 1947 831 1982 tres
846 1940 894 1982 illas
911 1954 966 1995 quas

182 2009 251 2051 modo
275 2009 451 2051 commemoravi
474 2007 643 2064 (necessitatem
664 2016 781 2064 urgentem
798 2009 855 2059 dico,
872 2009 966 2050 deorum
997 2029 1002 2037 »

182 2076 273 2128 cultum,
294 2076 425 2132 religionem
443 2075 561 2131 maiorem)
577 2077 654 2119 reduci
669 2090 714 2119 non
731 2083 818 2130 poterat
835 2076 904 2132 (quod
920 2076 966 2129 ple-

182 2158 276 2199 rumque
290 2145 415 2196 accidebat,
424 2145 442 2186 si
450 2145 533 2198 aliquid
542 2145 724 2198 praetermissum
733 2141 842 2200 noceret),
847 2145 965 2199 piacularia

182 2213 254 2268 aperis
273 2212 381 2266 satietati
403 2213 478 2255 divino
502 2213 549 2254 iure
570 2219 618 2254 erat
639 2219 791 2266 praeceptum.
808 2212 875 2266 Quod
891 2213 965 2266 piacu-

182 2282 234 2337 lum,
258 2288 283 2323 ut
305 2282 367 2335 ipsae
391 2294 457 2323 voces
474 2281 580 2332 indicant,
597 2294 685 2323 sacrum
701 2281 889 2323 committendum
904 2294 966 2334 prae-

183 2349 263 2390 cedere
279 2349 384 2391 debebat.

295 2522 315 2548 a.
347 2507 388 2548 Dc
412 2507 544 2561 piaculo
568 2508 678 2561 operis
703 2508 856 2550 faciendi.

211 2633 289 2675 Luci
312 2633 397 2675 sacri
421 2632 564 2675 violationem
587 2634 742 2688 gravissimum
764 2633 833 2676 fuisse
853 2634 965 2687 piaculum

182 2702 226 2742 iam
242 2714 309 2754 supra
324 2715 346 2754 p.
363 2700 391 2742 47
409 2701 539 2752 memoravi,
555 2702 616 2755 quod
624 2702 652 2743 ab
661 2700 742 2744 Ouidio
752 2702 804 2744 Met.
814 2701 864 2743 Vlll
872 2702 915 2744 738
924 2716 965 2763 sq„
1002 2719 1003 2722 ¹

181 2770 243 2815 aare.
268 2768 298 2814 IV
314 2769 355 2814 751
373 2783 405 2828 sq.
430 2769 581 2816 confirmatur.
607 2769 682 2828 Quare
705 2771 723 2812 si
746 2770 809 2818 lucus
826 2778 873 2818 erat
890 2771 965 2817 conlu-
