2051 3214
555 127 584 169 76

179 252 254 310 ..(et
267 251 349 311 regern)
363 260 440 309 prava
455 254 564 310 religione
575 253 618 308 fal
617 254 677 297 raino
693 254 761 296 ictam
775 268 824 296 caia
839 254 964 302 domama

173 321 347 379 flagrassa(cf.
354 322 418 366 Pnn.
434 322 463 365 N.
481 320 963 379 H.11140);132.2regooa...taoa

177 390 237 432 satis
250 397 382 446 prosperari
394 390 483 444 faarai
500 398 543 433 aar
558 391 653 446 neglect
644 406 664 433 is
679 390 827 445 religionibus
841 396 883 432 aar
890 395 963 445 prave

177 459 252 511 cultis,
269 459 287 501 II
302 459 338 502 42.
356 461 383 502 10
400 459 496 515 motique
511 459 548 501 ira
564 460 674 511 carriotis,
688 473 781 502 caasara
795 460 882 501 nullam
891 457 962 500 aliam

177 533 242 570 vates
265 528 404 570 canebant..
414 522 510 582 ,aanor
534 527 599 570 iaad
620 528 665 570 rite
687 541 754 570 sacra
774 526 883 581 flari‚V
861 525 931 567 VII
950 527 960 567 1

178 593 269 652 (vatam)
293 595 399 638 adhiberi
422 595 510 637 tribaai
533 596 662 639 riilitaia.
673 589 735 639 .aal
753 593 909 650 prodigiiAl
899 594 964 636 lbaai

174 664 356 720 procurationem
380 677 406 706 ao
429 664 480 706 deas
495 663 539 706 rita
551 664 678 719 placandos
692 670 790 718 cooporo;
806 663 963 717 inventamque

178 734 268 775 tandem
285 739 325 784 est,
342 732 382 773 abi
393 734 505 787 neglectos
518 734 671 775 caerimonias
679 731 963 781 interiaissaainasoirraae

178 801 213 843 dii
227 807 362 855 arguerent.
373 832 392 843 ..
408 800 562 855 magistratus
577 801 632 843 vitio
648 808 733 843 creatos
747 800 847 843 Latinas
862 811 962 840 sacrara-

177 883 218 924 qao
242 869 266 910 ia
289 868 378 912 aliano
402 875 475 911 monte
498 882 542 910 noa
563 868 607 911 rite
626 870 757 924 concepisse.
774 868 833 911 Vide
849 868 916 911 etiam
931 866 963 908 VI

129 994 131 997 Ι
177 938 212 980 20.
232 937 259 980 15
275 944 297 980 et
313 937 375 979 XXII
390 937 412 981 9.
429 937 442 978 7
459 938 487 980 de
504 936 574 979 cladis
591 937 761 980 Trasumennae
778 937 858 979 causis.

207 1004 286 1048 Cicero
307 1006 334 1048 ae
349 1004 398 1048 liar.
414 1012 472 1060 resp.
489 1006 587 1061 quinque
604 1005 736 1049 coelestium
752 1006 798 1048 irae
813 1018 892 1048 causas
909 1016 962 1045 enu-

178 1081 256 1126 merat,
281 1087 338 1128 quae
361 1074 437 1116 omnia
459 1075 482 1115 in
506 1087 571 1116 sacro
593 1075 714 1126 commisso
736 1081 788 1117 sunt
802 1074 900 1128 positae;
917 1084 962 1113 non

177 1148 264 1184 tantum
288 1141 330 1197 §9
354 1142 419 1185 affert
442 1143 490 1184 loca
513 1155 581 1184 sacra
602 1149 624 1184 ot
637 1143 746 1197 religiosa
758 1141 861 1197 profana
877 1139 961 1191 haberi,

177 1210 237 1265 §34
259 1217 358 1253 oratores
380 1217 459 1252 contra
483 1211 520 1252 ias
531 1210 617 1266 fasqar
633 1207 767 1265 interficias,
785 1210 796 1265 ξ
813 1210 841 1252 36
853 1209 926 1264 fidant
942 1214 964 1249 et

179 1278 341 1321 iasiaraadara
364 1280 494 1333 neglectam,
517 1280 557 1321 sed
579 1280 646 1322 etiam
663 1279 675 1334 ξ
691 1280 718 1321 21
737 1279 802 1321 ladas
817 1279 894 1321 minas
910 1276 963 1319 dili-

174 1352 255 1401 genta
271 1345 350 1400 factos
362 1348 504 1401 pollutosque
519 1354 541 1390 et
557 1347 569 1402 ξ
585 1347 613 1389 37
629 1347 748 1401 sacrificia
764 1353 853 1390 vetusta
868 1347 962 1389 occulta·

177 1428 218 1469 qao
234 1414 311 1457 ruinas
327 1414 450 1469 diligenter
460 1413 530 1468 farta
542 1411 693 1471 pollutaque*

206 1481 263 1526 Cum
286 1483 313 1525 iis
336 1497 394 1538 quae
416 1490 492 1526 narrat
507 1482 585 1526 Cicero
602 1485 695 1527 omnino
712 1484 815 1539 congruit
830 1483 884 1526 Tac.
901 1482 961 1525 aaa.

177 1551 207 1593 XI
232 1552 259 1594 15
282 1558 348 1607 saepi
371 1551 476 1594 adversis
499 1552 636 1607 reipublicae
657 1552 792 1607 temporibus
812 1548 962 1608 (haruspices)

177 1619 264 1670 accitos,
281 1634 374 1674 qaorara
389 1620 476 1662 raoaita
489 1620 659 1674 redintegratas
675 1619 826 1663 caeremonias
842 1626 864 1662 rt
876 1620 901 1661 ia
910 1625 962 1673 pos-

177 1693 249 1729 terara
272 1686 356 1729 rectius
379 1687 484 1738 liabitas,¹
509 1687 602 1744 Dionys.
619 1688 669 1730 VIII
686 1690 725 1740 89;
742 1687 827 1731 Arnob.
845 1688 897 1730 adv.
914 1692 960 1729 nat.

176 1755 208 1796 IV
223 1756 259 1805 31,
282 1756 321 1797 ubi
344 1769 379 1797 res
403 1762 451 1798 tota
475 1747 606 1809 exprimitur
621 1756 684 1798 hisce
700 1757 785 1799 verbis:
803 1757 827 1798 ia
840 1755 962 1799 lenioribus

177 1823 266 1865 caassis
282 1823 353 1865 irasci
367 1822 421 1880 (aas)
431 1857 435 1864 .
446 1857 466 1866 ..
482 1838 532 1866 rara
545 1823 646 1879 pernicio
661 1825 754 1880 saepias
764 1858 767 1867 .
779 1858 797 1867 ..
813 1824 923 1867 civitatis.

207 1891 272 1946 Quae
292 1892 428 1943 testimonia,
449 1892 472 1934 ni
488 1891 558 1944 failor,
573 1892 692 1947 perspicue
707 1894 831 1936 ostendunt
847 1893 962 1935 Romanos

178 1960 248 2003 multo
265 1961 336 2016 magts
352 1960 462 2012 timuisse,
479 1974 507 2003 ne
521 1974 585 2003 sacro
598 1975 638 2016 per
649 1961 823 2015 imprudentiam
840 1961 961 2004 commisso

177 2029 252 2071 delicti
272 2036 389 2071 manerent
405 2029 520 2080 inconscii,
538 2019 605 2084 quam
621 2042 649 2071 ne
665 2043 730 2071 sacro
747 2029 869 2071 commisso
885 2029 961 2071 statim

177 2098 253 2139 vitium
278 2098 491 2140 animadverterent.
515 2096 572 2139 Nam
596 2098 615 2139 si
630 2097 835 2140 animadverterant
850 2096 961 2152 negligen-

176 2166 238 2216 tiam,
255 2165 374 2208 mactanda
391 2165 527 2208 succidanea
542 2164 576 2206 vel
587 2165 738 2208 instaurandis
752 2165 897 2219 caeremoniis
906 2165 961 2206 iram

177 2235 272 2276 deorum
296 2234 372 2276 statIm
396 2229 485 2286 placare
508 2240 627 2286 potuerant
634 2247 638 2286 ;
664 2234 717 2276 vitio
733 2247 810 2276 verum
825 2247 870 2276 non
886 2233 961 2276 obser-

177 2309 236 2353 vato,
256 2303 279 2344 in
295 2302 423 2344 diScrImIne
439 2302 591 2353 versabantur,
607 2316 636 2344 ne
652 2303 674 2344 di
689 2303 795 2357 prodigiis
812 2300 878 2357 atque
894 2302 961 2343 etiam

177 2369 311 2424 reipublicae
327 2370 491 2412 calamitatibus
506 2370 561 2411 iram
578 2371 730 2412 ostenderent.
746 2370 844 2425 Ideoque
859 2376 883 2411 ut
899 2382 961 2411 sacra

176 2453 216 2493 per
231 2439 404 2493 imprudentiam
421 2438 548 2489 commissa,
565 2452 660 2493 quorum
669 2446 786 2497 manerent
793 2438 907 2488 inconscii,
916 2438 960 2480 iam

177 2514 244 2550 antea
255 2507 402 2561 proruentiao
418 2513 443 2549 ut
455 2508 486 2548 ita
500 2506 571 2548 dicam
585 2509 684 2561 quodam
694 2497 802 2550 sacrificio
811 2508 960 2561 expiarentur,

174 2575 379 2630 praecidaneararu
395 2589 478 2630 genera
494 2577 605 2630 quaedam
619 2583 671 2618 sunt
683 2577 791 2628 instituta,
806 2590 818 2618 e
831 2576 911 2630 quibus
919 2576 961 2618 tria

177 2645 404 2686 eacommemorabo
421 2656 516 2699 quorum
532 2644 561 2685 ad
578 2656 619 2686 nos
635 2644 744 2686 memorIa
759 2645 866 2698 pervenit.

205 2779 311 2837 Incipiam
335 2795 348 2822 a
373 2781 624 2838 magistratuum
648 2781 770 2825 hostiis
794 2782 960 2835 praecida-
