2051 3214
465 137 495 180 49

119 265 191 309 Venio
206 264 250 305 iam
267 263 295 305 ad
316 263 502 305 sacerdotes.
523 262 553 304 Ut
568 262 645 316 paucis
661 275 708 304 rem
725 261 870 315 comprehen-

91 338 152 380 dam:
175 331 269 388 quodvis
293 343 381 372 sacrum
402 345 414 372 a
434 331 588 373 sacerdotibus
603 344 709 373 eorumve
725 330 831 372 ministris
848 330 870 371 in

90 403 157 447 sacris
172 399 251 442 officiis
267 398 426 453 periungendis
442 398 575 454 negligentia
588 400 712 442 admissum
720 406 774 450 erat,
784 397 870 452 piaculo

89 473 196 514 luebatur.
221 466 271 520 Qua
293 466 341 521 lege
363 480 441 509 omnes
457 468 579 522 generatim
595 469 736 518 tenebantur,
753 474 777 509 ut
793 473 871 508 auctor

90 547 123 583 est
139 537 228 581 Servius
244 535 272 577 ad
288 534 372 590 Vergil.
388 535 442 578 Aeu.
459 535 490 576 IV
505 536 548 578 646
564 542 586 577 et
599 535 721 586 seieuduru,
738 535 760 577 si
774 534 831 591 quid
846 533 870 576 iu

25 660 26 664 Ἰ
90 604 233 650 eaereruauiis
252 617 295 645 uua
306 602 384 656 suerit
398 605 543 655 observatura,
555 604 673 659 piaculum
689 604 782 646 admitti
786 618 794 655 ;
810 603 871 658 quod

90 675 159 718 Servii
171 672 324 716 testimonium
338 673 469 727 comprobat
478 671 590 714 Arnobius
600 672 652 715 ada.
661 679 709 715 reat.
717 673 748 713 IV
757 674 783 714 31
794 672 870 714 dicens

90 742 168 797 piaculi
189 754 239 783 esse
255 746 393 783 contractam
410 741 598 792 commissionem,
615 740 637 781 si
648 747 690 795 per
706 739 872 795 imprudentiae

8 799 24 841 V·
89 813 177 866 lapsura
194 815 237 851 aut
251 809 275 850 iu
290 809 354 851 aerda
368 808 525 865 quispiara...
539 808 682 859 deerraverit,
701 815 723 850 et
738 808 809 850 11143
826 821 870 862 quo

89 879 138 921 loco
161 878 260 920 ostendit
283 876 396 932 diligentia
418 879 440 919 in
462 877 539 919 ritibus
560 877 705 919 observandis
721 890 787 931 quam
804 875 870 917 fuerit

90 946 220 996 necessaria,
244 958 293 986 euru
316 945 447 999 r'guarautia
467 936 548 996 rerum,
566 945 644 999 inquit,
657 951 805 1000 persaaarura
822 957 869 985 eau-

91 1014 150 1059 fusia
174 1014 225 1055 deas
248 1012 350 1066 affeudat
372 1020 394 1055 et
412 1020 477 1068 cegat
491 1012 614 1055 ueeessaria
627 1013 744 1067 piaculuue
760 1010 869 1054 caetrati.

119 1082 192 1136 Quam
215 1081 406 1136 severis,legibus
429 1082 509 1123 flamen
534 1088 555 1123 et
576 1081 687 1123 flaminica
703 1081 771 1123 Dialis
788 1080 870 1122 fuerint

43 1186 44 1189 ,
90 1151 195 1201 adstricti,
212 1162 279 1191 nemo
295 1150 366 1192 nescit
376 1146 399 1202 1).
416 1150 512 1204 Quaevis
529 1156 603 1209 autem
618 1149 640 1191 in
656 1150 716 1191 hisce
732 1149 817 1204 legibus
831 1150 870 1191 ob-

90 1219 203 1260 servandis
227 1218 361 1273 negligentia
381 1219 468 1273 piaculo
489 1215 613 1261 facto‘erat
628 1217 717 1260 luenda.
732 1217 764 1260 Ita
779 1217 870 1260 Servius

91 1299 141 1327 cum
162 1287 191 1329 ad
212 1286 294 1341 Vergil.
316 1286 371 1328 Aera.
388 1287 397 1328 I
412 1281 455 1329 305
471 1287 575 1340 narravit,
590 1286 674 1328 flamini
690 1293 754 1328 extra
771 1286 870 1327 medium

16 1367 24 1373 ‘¹
90 1355 213 1408 pomerium
237 1362 289 1409 post
311 1355 363 1397 solis
388 1368 493 1397 occasum
514 1355 600 1408 apicem
616 1368 699 1408 ponere
715 1354 777 1396 nefas
794 1353 869 1405 fuisse,

22 1423 23 1426 ’
89 1423 143 1465 haec
159 1424 231 1466 addit:
249 1421 358 1480 (timebat)
375 1438 402 1466 ue
413 1423 531 1478 piaculare
547 1422 677 1475 incurreret,
692 1421 734 1478 sii
750 1436 799 1464 eura
815 1421 870 1464 salis

90 1503 194 1542 occasura,
213 1491 272 1533 auda
288 1491 367 1546 capue,
377 1492 449 1542 idest,
459 1491 508 1533 siue
516 1491 579 1546 apice
587 1491 732 1533 iuveuiretur.
742 1490 778 1533 Ad
786 1489 868 1544 Vergil.

88 1557 142 1600 Aea.
155 1559 186 1600 IV
199 1560 243 1602 646
258 1560 318 1601 idem
334 1559 430 1611 Servius,
447 1566 623 1602 commemorata
639 1560 681 1601 alia
697 1560 752 1614 lege,
769 1572 813 1613 qua
821 1557 869 1599 Fla-

89 1627 168 1669 minica
183 1634 269 1670 vestum
286 1627 393 1670 extollere
410 1629 533 1679 vetabatur,
549 1640 577 1669 ne
593 1640 657 1670 crura
671 1629 816 1677 nudarentur,
834 1624 869 1666 uie

89 1701 168 1746 auteur,
184 1696 261 1751 inquit,
269 1696 387 1751 piaculare
403 1696 540 1739 admittitur.
556 1695 593 1738 Ad
605 1695 644 1737 XII
653 1697 695 1739 120
704 1685 808 1738 adnotat:
820 1708 869 1736 eura

89 1762 215 1805 Flauriuica
239 1770 296 1806 esset
310 1764 402 1807 iuveuta
419 1764 518 1807 tuuieaur
533 1766 622 1807 laurata
639 1765 685 1807 liua
700 1763 806 1806 tabuisse
821 1776 868 1804 cau-

88 1837 169 1882 sutaue,
185 1833 312 1874 constitisse
328 1832 352 1873 ab
368 1847 416 1875 earu
431 1846 524 1874 causatu
536 1832 653 1887 piaculum
667 1831 868 1874 esseearuruissuru.

88 1898 135 1941 Liv.
151 1900 172 1941 V
188 1901 224 1942 52.
242 1902 269 1942 13
293 1901 320 1942 de
341 1901 415 1943 saeris
430 1896 542 1956 laquiruur
557 1907 579 1942 et
592 1900 692 1955 templis:
707 1900 763 1955 qaid
778 1899 868 1941 tauderu

89 1966 115 2007 de
137 1968 306 2010 sacerdotibus?
324 1983 396 2011 uauue
415 1970 440 2011 iu
463 1975 556 2010 ueuteu
572 1967 639 2019 veuit,
656 1974 765 2023 quautura
779 1966 870 2022 ptaeau'

88 2036 266 2078 carumittaturt.
276 2066 281 2077 .
292 2067 311 2079 ..
324 2036 418 2090 flaruiai
432 2036 500 2079 Diali
515 2043 596 2078 uertere
613 2050 681 2078 uuaru
698 2049 788 2078 ruauere
802 2041 869 2076 extra

89 2103 162 2151 urderu
186 2103 253 2158 ausas
274 2111 313 2148 est.
335 2104 391 2149 Gell.
407 2104 473 2147 NA.
490 2105 511 2146 X
528 2107 562 2148 15.
580 2105 607 2146 10
623 2103 695 2159 legem
712 2104 795 2145 flamini
811 2102 869 2145 Diali

88 2170 144 2213 hanc
169 2173 302 2227 singularem
332 2172 401 2216 fuisse
427 2180 513 2215 narrat:
537 2172 560 2214 si
579 2172 630 2228 quis
653 2173 685 2214 ad
707 2172 868 2214 aerderauduru

89 2236 190 2291 dueatur,
207 2241 230 2283 si
244 2242 277 2283 ad
287 2242 356 2296 pedes
372 2242 420 2284 eius
435 2243 531 2297 supplere
542 2241 690 2296 procubuerit,
708 2254 729 2282 ea
745 2240 782 2282 die
797 2240 868 2282 verde·

9 2307 10 2310 ’
23 2329 24 2332 =
88 2307 139 2348 rari
149 2309 266 2363 piaculum
282 2317 321 2352 est.

117 2376 220 2432 Virgines
229 2392 317 2434 quoque
326 2379 409 2423 Vestae
418 2381 482 2422 variis
491 2380 623 2422 tenebantur
632 2379 780 2434 religionibus,
789 2380 868 2433 quibus

88 2455 127 2495 per
145 2445 317 2499 imprudentiam
339 2448 451 2503 neglectis,
467 2447 578 2502 piaculum
594 2448 769 2489 committebant.
786 2447 819 2489 lta
834 2446 868 2488 vel

89 2515 126 2553 vas*
147 2512 216 2567 futile,
238 2529 282 2570 quo
298 2529 378 2570 aquam
395 2518 423 2559 ad
439 2530 502 2558 sacra
517 2516 602 2557 Vestae
617 2515 755 2567 hauriebant,
771 2516 793 2557 in
809 2523 868 2557 terra

89 2634 172 2673 ruirsiaae
190 2640 274 2676 saleueuir
292 2640 382 2687 sacrificii
399 2652 443 2676 rteue
461 2637 571 2676 crudelitati
585 2640 671 2675 Graeciae
683 2641 765 2687 papirius
777 2640 868 2684 obaudiret,

89 2690 183 2730 iuvereturu
202 2700 231 2740 est,
250 2700 272 2732 ut
289 2697 338 2732 iuter
349 2709 366 2732 se
379 2697 479 2744 impuberes
487 2697 545 2743 picea
556 2697 577 2732 de
590 2697 701 2732 stertireeudis
713 2697 816 2732 uerberibus
828 2708 868 2732 eort-

89 2749 184 2787 teudereut.
197 2753 257 2789 Vides
270 2754 379 2790 Romanum
392 2765 440 2797 esse,
454 2755 487 2799 qui
499 2754 645 2799 interpretatur!

113 2804 130 2850 1)
145 2806 172 2843 Cf.
186 2808 370 2853 Pauly-Wissowa,
384 2810 406 2865 R.
419 2810 449 2854 E.,
461 2811 487 2845 VI
500 2821 516 2846 c.
530 2812 576 2845 2486
589 2820 617 2855 sq.
631 2809 724 2856 (Samter).

786 2880 797 2910 4
