2051 3214
84 253 122 310 pn·
136 251 193 295 lnci:
210 250 288 294 Horat.
306 246 347 292 Od.
364 248 390 290 lll
406 249 427 290 4.
444 249 458 290 6
474 250 511 300 (Ξ
520 249 589 293 musis
605 250 676 303 sacri).

1 358 15 382 3.
84 321 123 378 pn
136 321 209 363 sedes:
226 318 309 374 Vergil.
329 316 377 361 Cnl.
394 319 422 360 38
440 323 461 359 et
477 316 528 360 374.

84 390 126 447 pn
142 396 209 432 nra:
226 387 291 431 evii.
308 386 362 429 Her.
378 385 419 428 vn
435 386 470 437 24,
487 386 546 430 xxi.
563 386 583 428 7.
611 439 612 442 Ἴ

88 473 117 502 m.
141 456 455 500 Pius=secundum
479 455 528 498 ius
552 456 704 499 divinum.

87 527 164 571 Altera
185 526 247 568 notio
268 531 303 568 est
318 523 361 576 illa,
377 537 421 579 qua
436 530 527 567 notatur
543 524 626 579 aliquid
642 538 693 568 cum
710 526 757 568 iure
774 525 848 569 divino

87 609 188 652 ngruere.
211 593 249 637 Illo
273 606 341 636 sensu
362 593 443 636 bellum
465 607 478 633 a
499 593 606 636 Romanis
619 594 686 649 pium
703 602 803 647 vocatur,
820 594 848 636 cl.

87 680 105 709 v.
122 665 131 706 l
147 665 183 707 32.
202 664 235 715 12,
253 662 302 704 VIII
317 662 338 704 6.
355 661 377 713 5,
393 661 423 703 ΙΧ
440 662 460 703 8,
476 662 497 713 6,
514 662 574 705 XLII
590 662 626 706 47.
641 664 661 715 8,
671 664 751 706 eadem
760 665 847 707 ratione

104 747 169 776 arnna
192 739 251 775 teste
275 732 323 774 Liv.
344 730 374 773 lX
392 732 410 772 1.
429 732 463 773 10.
480 730 515 773 De
530 729 582 773 belli
597 731 645 773 iure
662 731 765 775 conferas
781 731 847 775 velim

102 837 105 844 .
158 801 192 844 22.
217 802 232 843 4
252 800 291 856 pie
306 800 389 843 bellnin
406 799 479 842 indici
490 806 557 854 posse
572 806 594 842 et
610 800 619 841 l
635 801 672 843 32.
688 801 702 842 6
719 808 741 843 et
758 801 770 843 7
788 801 847 843 inste

166 873 256 925 legatus
285 869 407 913 venie...
432 868 455 910 si
477 882 515 924 ego
539 868 624 911 iniuste
647 869 762 925 impieque.
787 869 848 924 Quid

89 941 160 996 igatur
184 945 207 981 ut
231 938 313 981 bellum
334 951 412 979 revera
428 936 495 992 pinni
516 938 551 989 sit,
569 937 626 979 bene
643 937 741 992 eprIcat
758 936 804 981 cie.
821 938 849 979 de

90 1009 173 1051 .136.

88 1091 108 1119 n.
132 1077 249 1119 Pius:
267 1088 365 1130 purus
389 1081 507 1117 castus.

88 1146 166 1188 Tertia
194 1145 212 1187 si
235 1143 388 1200 grammaticis
412 1143 508 1198 antiquis
533 1144 652 1195 credimus,
677 1151 712 1186 est
733 1144 847 1200 puritatis

59 1215 127 1258 notio.
154 1213 188 1257 Cf.
213 1212 276 1257 Serv.
298 1214 327 1256 ad
348 1212 431 1269 Vergil.
452 1212 507 1255 Aen.
524 1213 592 1255 1382
606 1213 662 1268 pins
674 1220 750 1269 potest
764 1227 811 1256 esse
827 1220 848 1256 et

1 1273 10 1340 i}
54 1290 131 1340 pnrns
153 1290 175 1325 et
195 1282 301 1325 innocens
323 1288 346 1323 et
367 1282 428 1324 omni
442 1295 522 1324 carens
537 1283 629 1332 sedem
645 1283 673 1325 ad
689 1283 736 1325 Ecl.
752 1283 802 1325 VIII
818 1283 846 1324 82

56 1351 113 1408 qnid
138 1352 196 1395 enirn
220 1358 256 1394 est
270 1351 336 1407 pz'nnn
360 1350 408 1393 nisi
422 1350 598 1395 cnstnnnlNon.
615 1350 712 1394 Marcell.
728 1351 751 1394 M
766 1349 809 1394 371
826 1352 855 1404 L¹
878 1383 879 1386 η

56 1419 99 1463 592
112 1420 178 1475 pium
194 1427 288 1463 castum.
305 1420 480 1476 Nonnumquam
496 1434 580 1463 nnanns
592 1434 682 1476 quoque
697 1421 753 1475 piae
768 1422 845 1464 dicun-

56 1495 97 1540 tur.
124 1487 157 1532 Cf.
183 1489 266 1546 Vergil.
287 1488 343 1532 Aen.
364 1489 391 1531 Ill
406 1489 442 1542 42,
458 1488 489 1530 lV
505 1489 561 1541 5173
577 1488 658 1532 Tibull.
674 1489 702 1531 ΙΙΙ
718 1491 738 1532 2,
758 1491 792 1533 16,
808 1489 845 1533 Ad

79 1557 138 1613 eigil.
154 1558 210 1602 Aen.
223 1558 250 1600 lll
262 1560 291 1601 42
305 1557 395 1602 Servius
404 1557 646 1613 annotatpinsnntenn,
653 1564 845 1614 propterpenates
905 1560 907 1562 ’

105 1626 192 1669 excidio
215 1627 327 1678 liberatos,
351 1628 380 1669 ad
404 1627 435 1669 IV
458 1627 502 1669 516
525 1627 576 1682 z'p5n
598 1626 660 1669 Dido
681 1628 741 1670 nola
763 1634 785 1669 et
796 1628 845 1683 piis

78 1694 166 1746 unibus,
184 1694 210 1737 id
224 1701 259 1738 est
269 1694 344 1750 puris,
361 1696 412 1737 deos
428 1700 531 1739 testatur.
548 1695 618 1751 Magis
635 1703 711 1739 autem
725 1690 844 1739 verisimile

0 1782 12 1823 l
56 1770 90 1805 est
112 1764 221 1818 principio
241 1764 289 1807 illas
311 1777 391 1806 manus
404 1763 460 1819 pias
476 1777 526 1806 esse
542 1764 675 1817 nominatas,
693 1766 774 1820 quibus
787 1755 842 1815 'ante

56 1844 143 1875 sacrum
166 1834 320 1889 peragendum
336 1833 378 1875 rite
394 1832 479 1883 lavatis,
496 1832 578 1875 deinde
594 1833 719 1887 supplIcum
736 1848 799 1877 more
814 1835 843 1878 ad

55 1900 142 1944 coelum
163 1902 240 1954 tensis,
256 1902 410 1945 Romanorum
426 1901 469 1944 ritu
485 1916 537 1944 arae
553 1908 617 1944 erant
632 1904 765 1958 tangendae,
782 1904 843 1947 ideo-

55 1981 99 2022 que
114 1969 147 2012 his
163 1970 242 2013 ritibus
258 1971 356 2025 quodam
373 1972 443 2013 modo
459 1977 523 2013 erant
538 1970 572 2015 dis
589 1984 672 2014 sacrae.

388 2158 406 2204 2.
435 2162 512 2208 illinis.

84 2306 107 2348 In
132 2322 187 2351 voce
211 2310 282 2366 impii,
307 2311 393 2353 ratione
417 2311 492 2353 habita
514 2311 625 2363 contrarii,
648 2312 724 2354 omnia
741 2327 798 2368 quae
815 2315 843 2365 de,

55 2377 162 2432 vocabulo
188 2378 226 2433 pii
253 2380 398 2434 exposuImus
427 2379 500 2421 valere
530 2378 594 2421 facile
625 2380 741 2436 intelliges.
766 2382 850 2427 Habes,

54 2444 148 2498 impium
222 2484 223 2487 ,

84 2512 113 2554 in
137 2522 293 2568 parentes
317 2517 396 2560 Horat.
420 2518 491 2572 Epod.
514 2518 541 2560 lll
566 2519 596 2570 1;1
616 2517 710 2562 Sueton.
735 2519 800 2562 Riet.
816 2521 841 2572 6;

54 2578 133 2623 Senec.
150 2584 181 2626 H.
197 2584 223 2626 F.
239 2586 290 2637 966,

83 2649 113 2691 in
136 2651 261 2710 affines
285 2653 331 2697 Cic.
344 2660 386 2709 pro
403 2654 481 2708 Quint.
498 2656 534 2708 26,

83 2717 113 2759 in
137 2721 285 2776 maritum
310 2729 339 2765 et
363 2723 524 2765 dominum
548 2722 627 2767 Horat.
653 2722 694 2767 Od.
716 2725 742 2766 Ill
760 2727 794 2767 11.
813 2727 839 2767 31

55 2783 137 2838 inpiae
158 2795 251 2844 sponsos
268 2797 360 2846 potuere
376 2792 431 2834 duro
444 2793 538 2846 pendere
548 2790 626 2847 serim
644 2792 706 2835 Curt.
723 2794 744 2835 V
762 2795 795 2836 12.
814 2796 840 2836 13
