2051 3214
441 144 480 186 101

70 283 121 315 num
142 275 164 310 et
183 267 219 310 ille
235 269 272 324 qul
288 283 333 312 non
349 271 394 313 suis
411 273 451 314 sed
468 270 544 312 alienis
561 269 664 324 auspiciis
682 281 729 311 rem
746 269 853 323 gessisset

13 348 17 360 ⁵
70 342 193 392 ducemque
208 336 306 380 hostiurn
322 346 468 392 provocatum
484 352 525 380 sua
539 351 606 380 manu
614 336 772 388 interfecisset,
783 339 853 379 maxi-

10 437 11 440 =
70 420 132 452 mum·
145 405 267 460 spoliorum
283 407 409 460 opimorum
427 421 534 464 quaerere
542 413 620 461 posset
628 407 736 448 honorem
748 401 771 458 ll.
780 404 853 448 Causa

68 477 118 526 litis,
134 474 157 515 ni
172 473 242 525 fallor,
259 476 280 516 in
295 489 321 517 eo
331 477 374 518 sita
383 484 437 528 erat,
447 477 507 532 quod
516 482 602 518 ueteres
611 474 723 516 annalium
732 475 852 528 scriptores

6 543 11 594 s
69 542 168 588 nonnulli
183 544 350 586 contendebant
366 543 469 597 Cossum,
486 558 536 587 cum
553 543 658 586 Tolumni
674 543 772 586 hostIum
789 543 852 584 ducis

69 611 138 667 spolia
159 618 255 665 caperet,
278 613 393 655 consulem
414 627 459 656 non
476 613 545 656 fuisse
561 614 601 655 sed
617 625 663 654 non
679 612 721 654 nisi
737 612 850 654 tribunum

8 738 9 741 Ἴ
69 680 161 724 militum
170 676 195 735 ²).
217 680 267 734 Qua
287 683 310 723 in
326 681 364 723 lite
381 681 453 724 Varro
470 688 544 736 partes
561 682 698 735 sequebatur
713 693 797 730 eorum,
814 680 852 734 qui

68 750 101 793 uel
124 749 256 804 gregarium,
282 750 406 792 dummodo
429 751 525 792 hostium
548 750 600 791 duci
621 748 692 802 spolia
708 748 850 799 detraxisset,

9 846 10 849 =
68 817 189 873 spoliorum
213 817 302 859 Romuli
323 819 433 860 honorem
449 820 555 873 adeptum
572 831 622 859 esse
638 816 792 867 affirmabant;
808 817 851 858 hoc

10 922 12 925 ,
67 895 143 930 tamen
159 886 293 938 discrimine,
311 888 378 941 quod,
395 894 419 929 ut
435 888 482 940 ipse
498 887 535 938 ait,
552 886 622 939 spolia
638 899 695 939 quae
709 885 760 927 duci
773 886 851 926 aduce

4 988 6 992 v
68 963 89 998 et
113 954 183 1008 spolia
207 967 264 1009 quae
286 955 337 997 duci
359 969 372 996 a
388 955 489 1010 gregario
505 955 606 996 detracta
622 954 666 995 sint
681 953 712 994 ita
727 954 785 994 Inter
800 966 850 994 sese

6 1054 7 1057 ,
68 1023 177 1073 differant,
207 1029 231 1064 ut
259 1022 296 1063 ille
324 1029 411 1064 tantum
435 1023 480 1064 Iovi
504 1022 649 1064 sacrificanda
674 1022 718 1063 sint
741 1021 850 1064 Feretrio.

68 1092 141 1146 Quam
166 1091 300 1132 sententiam
322 1091 394 1132 Varro
412 1098 437 1133 ut
456 1093 544 1145 probet,
561 1092 589 1132 ad
606 1089 677 1143 spolia
693 1090 767 1143 opima
783 1089 848 1131 Pom·

3 1200 5 1203 ,
67 1161 132 1214 piliae
155 1159 210 1213 legis
233 1158 336 1212 appellat.
360 1159 440 1201 Iniuria
464 1160 486 1201 ni
502 1158 572 1201 fallor.
590 1159 672 1212 Opima
688 1158 747 1200 enim
763 1156 850 1199 Numae

67 1229 120 1283 legis
137 1226 207 1281 spolia
223 1226 335 1269 dissimilis
352 1227 443 1269 omnino
460 1233 511 1269 sunt
527 1226 614 1282 generis
622 1222 647 1281 ³).
833 1217 838 1223 ’

96 1295 163 1349 Quod
186 1295 215 1337 ad
230 1295 337 1337 sacrificia
352 1294 406 1350 legis
423 1295 509 1337 Numae
525 1296 612 1345 attinet,
629 1301 719 1337 constat
734 1285 850 1347 ipsi'duci

68 1365 129 1407 cuius
150 1363 249 1417 auspicio
265 1370 331 1417 capta
347 1363 418 1419 spolia
434 1370 515 1414 essent,
532 1363 643 1417 piaculum
660 1363 759 1405 dandum
775 1361 850 1406 fuisse.

0 1484 1 1487 Ἴ
67 1426 129 1486 Quae
153 1431 219 1474 suerit
243 1432 300 1473 ratio
323 1431 403 1485 piaculi
424 1433 446 1473 in
467 1437 545 1484 aperto
561 1437 602 1473 est.
618 1430 694 1485 Spolia
709 1431 768 1473 enim
785 1438 851 1484 prout

0 1494 2 1496 i
66 1507 155 1543 mortuo
179 1501 279 1542 detracta
303 1499 392 1541 funesta
408 1507 478 1542 erant.
496 1498 552 1541 Cum
569 1506 643 1541 autem
659 1500 682 1541 in
698 1500 764 1541 rebus
780 1500 848 1541 sacris

0 1576 3 1607 1
66 1582 132 1610 omne
148 1568 262 1610 funestum
278 1567 344 1623 longe
361 1569 453 1610 deberet
469 1569 555 1619 abesse,
569 1568 591 1609 in
605 1567 680 1621 spoliis
690 1568 848 1610 consecrandis

65 1638 144 1691 opimis
165 1636 327 1690 piaculum
349 1638 459 1690 operis
478 1636 625 1679 faciendi
641 1635 710 1678 fuisse
725 1637 848 1689 praescrip-

64 1712 111 1747 tum
127 1718 220 1747 necesse
236 1712 276 1747 est.
294 1704 369 1758 Quare
385 1712 408 1747 et
424 1706 504 1747 bovem
520 1704 566 1747 Iovi
579 1712 601 1747 et
614 1703 743 1747 solitaurilia
751 1704 816 1746 Marti
825 1711 848 1747 et

64 1786 145 1828 agnum
162 1773 255 1826 Quirino
272 1780 393 1815 mactatum
410 1774 484 1828 operis
500 1773 597 1815 faciendi
609 1772 678 1814 fuisse
694 1772 780 1827 piacula
788 1774 847 1827 apud

65 1854 100 1882 me
131 1848 226 1883 constat.
258 1840 315 1883 Cum
342 1842 383 1883 hac
412 1842 570 1883 sacrificiorum
593 1842 672 1882 horum
697 1840 846 1894 explicatione

42 1958 43 1963 Ἰ
64 1910 155 1951 omnino
179 1910 281 1964 congruit
303 1910 351 1962 ipse
375 1910 464 1963 dicendi
480 1910 560 1951 modus
577 1908 684 1950 librorum
701 1909 844 1962 pontificum:

61 1982 117 2030 pro
137 1976 221 2031 primis
241 1977 321 2031 spoliis
336 1977 393 2029 boue,
407 1983 464 2031 pro
480 1976 585 2018 secundis
600 1975 775 2027 solitaurilibus,
789 1984 846 2031 pro

64 2044 138 2087 tertiis
154 2059 212 2099 uguo
225 2045 314 2100 publice
326 2045 384 2099 fieri
398 2046 480 2087 debere.
494 2045 539 2086 Iovi
548 2051 623 2087 autem
640 2046 676 2087 bo
685 2059 718 2086 ue
734 2045 845 2098 piaculum

63 2111 116 2163 fieri,
137 2113 174 2155 lex
195 2114 261 2155 docet
277 2113 321 2155 luci
337 2112 445 2167 Spoletini
464 2112 487 2157 0.
505 2112 523 2154 l.
539 2112 566 2155 L.
582 2113 612 2154 XI
627 2113 686 2156 4766
703 2111 740 2169 (:
756 2113 844 2165 Bruns⁶‚

63 2193 84 2232 p.
100 2178 160 2236 260),
181 2180 248 2223 Marti
271 2181 523 2224 solitaurilibus
545 2181 593 2223 Liv.
610 2180 659 2222 VIII
676 2182 709 2224 10.
728 2182 756 2223 14
772 2182 848 2224 Marti

63 2248 254 2291 suouetaurilibus
266 2249 384 2303 piaculum
396 2248 454 2303 fieri
459 2263 466 2300 ;
479 2249 586 2291 sacrificia
594 2262 647 2291 vero
655 2249 749 2302 Quirino
759 2246 776 2306 ⁴)
785 2250 851 2292 mac?

63 2325 160 2332 Ἢ

86 2355 103 2400 1)
115 2356 186 2392 Florus
199 2368 278 2402 quoque
291 2358 299 2393 I
311 2361 340 2393 33.
354 2362 375 2393 11
388 2357 486 2403 Scipionis
499 2357 560 2403 optma
572 2356 630 2402 utalia
643 2363 790 2402 commemorat,
800 2359 846 2395 licet

63 2413 169 2449 certissime
182 2419 260 2450 constet
273 2413 386 2459 Scipionem
398 2413 467 2450 alienis
481 2415 571 2459 auspiciis
584 2414 656 2449 bellum
669 2415 759 2460 gessisse.

85 2471 104 2514 2)
117 2471 147 2505 De
166 2471 202 2507 hac
222 2472 264 2516 ipsa
283 2470 317 2506 lite
336 2471 381 2506 vide
400 2470 442 2506 Liv.
455 2470 481 2505 IV
494 2473 522 2505 20.
537 2469 594 2505 Cuius
607 2470 646 2505 litis
658 2470 777 2507 solutionem
788 2473 844 2508 relin-

62 2526 138 2568 quimus
156 2527 185 2568 iis,
204 2526 237 2572 qui
256 2526 401 2573 chronologicis
415 2527 495 2562 student
507 2527 661 2572 quaestionibus.
675 2526 704 2562 Cf.
717 2527 781 2571 Niese,
795 2528 843 2563 Har-

62 2590 98 2615 mes
111 2585 138 2625 13,
152 2594 170 2629 p.
184 2586 219 2618 412
230 2587 250 2618 et
263 2583 378 2626 Mommsen,
391 2582 443 2617 eru.
457 2581 540 2626 Forat,
552 2583 569 2618 II
582 2584 622 2618 236.

84 2636 102 2675 3)
115 2638 236 2675 Sententiam
259 2639 339 2674 omnino
359 2639 416 2675 aliam
435 2639 529 2675 desendet
547 2638 661 2685 Herttberg,
681 2638 730 2674 Plu'l.
749 2641 757 2675 Ι
776 2640 842 2687 (1846),

61 2702 79 2736 p.
92 2697 126 2729 331
140 2706 168 2741 sq.
173 2706 178 2738 ς
190 2695 256 2741 Voigt,
270 2694 315 2730 Abu.
329 2694 363 2729 der
374 2694 435 2741 Laide.
451 2694 491 2729 Ges.
504 2694 537 2729 der
555 2694 613 2737 Wiss,
626 2694 684 2738 XVII,
698 2707 717 2742 p.
731 2699 765 2732 561
779 2708 813 2743 sq..

84 2752 101 2795 4)
114 2751 152 2797 Agi
164 2751 189 2787 de
202 2751 291 2798 Quirino,
304 2762 344 2787 non
357 2752 382 2788 de
394 2752 441 2787 Iano
455 2751 537 2800 Quirino
550 2752 642 2789 observat
654 2752 754 2798 Wissowa‚
768 2752 790 2788 R.
803 2753 842 2797 K.²‚

61 2814 80 2849 p.
92 2809 121 2850 23,
134 2818 151 2842 n⁴
165 2811 182 2842 2.
