2051 3214
554 95 596 137 136

185 222 233 264 cuti
246 222 364 264 redeuutes
380 222 453 277 iguem
469 221 703 279 supergruuiuuutur
718 234 778 276 uquu
795 222 895 276 aspersu
910 227 969 278 quod

183 283 340 345 purgationis¹
351 304 425 346 geuus
449 292 559 335 vocabunt
572 290 720 346 suffitiuuem.
738 288 796 331 Vide
812 290 840 331 de
855 289 912 345 ignis
928 291 970 335 lus-

186 359 285 401 tratione
307 357 456 401 Claudianum
478 373 569 416 quoque
585 361 611 402 de
632 359 665 401 VI
676 371 733 400 cous.
749 357 806 400 Hou.
824 358 970 413 324,p.1186

186 428 252 471 Koch
274 434 296 470 et
312 427 413 481 Propert.
430 427 467 469 lV.
485 429 506 470 8.
523 430 559 471 86.
575 428 748 480 Nonnumquam
765 426 788 468 in
803 425 970 471 lustrationibus

186 495 282 538 Romani
305 497 372 538 etiam
397 495 445 538 aliis
469 496 604 551 quibusdam
628 495 725 538 materiis
747 495 875 548 utebantur,
890 496 969 550 quibus

186 565 230 606 vim
254 565 367 620 quandam
384 564 494 619 magicam
509 565 585 607 inesse
600 565 717 618 putabant.
732 562 866 617 Exemplum
883 564 911 605 sit
926 564 968 607 lus-

185 632 260 684 tratio,
276 645 333 687 quae
349 646 390 687 pro
407 646 431 674 re
446 631 536 686 publica
544 632 613 675 fiebat
620 631 728 674 Parilibus
737 630 849 673 suffimine
857 633 969 688 sanguinis

186 701 237 755 equi
260 700 349 743 victoris
371 707 393 743 et
409 699 496 743 favillae
512 700 580 752 vituli,
595 700 623 743 cf.
640 700 704 743 Ovid.
722 700 786 742 Fust.
802 699 833 741 IV
849 699 899 743 733.
915 700 967 743 Pur-

186 769 294 824 gatoriam
318 767 474 811 lustratiomen
498 768 567 811 finivit
591 768 671 811 Paulus
694 768 716 810 M
739 769 781 810 120
805 767 884 810 L107
907 768 967 812 hisce

187 838 270 880 verbis:
287 836 401 889 lustratio,
417 851 462 892 quu
477 836 534 893 quid
548 836 646 880 solvitur
660 849 686 879 uc
701 836 817 879 liberatur.

224 990 244 1031 b.
269 988 310 1031 De
333 988 596 1031 lustrationibus
620 989 925 1032 averruncantibus.

238 1056 243 1071 t

216 1115 399 1158 Lustrationibus
422 1115 620 1169 averruncantibus
643 1114 747 1157 omnibus
770 1114 793 1156 id
809 1127 876 1157 unum
893 1115 966 1172 singu-

190 1184 236 1226 lare
260 1190 283 1226 et
305 1183 420 1238 proprium
443 1190 489 1225 est:
517 1183 562 1224 rei
585 1182 778 1225 lustrandae
802 1184 965 1226 circuitio.

188 1252 253 1307 Quae
269 1252 369 1295 circuitio
386 1264 436 1293 cum
452 1250 556 1293 omnibus
573 1252 698 1293 communis
717 1252 751 1304 sit,
768 1265 808 1306 pro
823 1253 871 1307 ipsa
887 1253 965 1296 lustra-

186 1321 238 1363 tinis
255 1320 422 1363 averruncantis
438 1319 536 1361 essentia
551 1319 654 1361 habenda
666 1326 707 1372 est,
724 1320 752 1363 cf.
768 1320 830 1364 Serv,
846 1322 875 1364 ad
884 1321 965 1378 Vergil,

187 1390 239 1447 Eu.-
256 1388 277 1429 V
296 1388 324 1430 75
341 1387 613 1439 lustruue=uuuuue;
630 1387 729 1431 Macrob.
746 1389 794 1432 Sat.
811 1389 873 1432 1115.
891 1389 904 1432 7
920 1392 967 1433 lus·

187 1456 423 1508 trurezu'rcuuu're;
447 1455 506 1498 Non.
527 1454 622 1498 Marcell.
639 1455 662 1497 M
678 1457 720 1499 335
737 1456 756 1499 L
772 1457 816 1500 528
832 1459 966 1501 lustrare:

187 1524 311 1567 circumire.
328 1524 436 1579 Apuleius
453 1524 507 1565 Met.
523 1523 550 1565 lll
565 1525 578 1565 2
595 1537 664 1578 agens
680 1525 708 1566 de
723 1524 854 1568 lustratione
870 1527 967 1581 quadam

187 1593 274 1636 lustaus
293 1592 487 1646 circumforaneus
507 1599 676 1635 commemorat
693 1593 810 1647 Quaenam
825 1593 967 1638 lustrationes

186 1663 209 1704 in
224 1661 418 1704 averruncantium
434 1673 517 1716 genere
533 1661 659 1704 censendae
675 1661 726 1712 sint,
743 1663 840 1705 breviter
855 1662 967 1705 indicabo.

217 1744 237 1772 u.
254 1722 403 1773 Lustrum
419 1728 665 1784 quinquennale
681 1743 720 1772 seu
736 1720 965 1783 ambilustrum‚

186 1811 238 1840 curn
254 1811 339 1841 census
359 1798 460 1840 habetur.
482 1796 644 1840 Suovetaurilia
660 1804 694 1840 ter
710 1798 832 1841 exercitum
848 1799 871 1841 in
887 1813 966 1854 campo

187 1867 267 1909 Martio
290 1866 443 1908 circumducta
470 1864 535 1906 Marti
556 1864 706 1916 immolantur,
729 1865 757 1907 cf.
783 1866 847 1908 Varr.
870 1868 898 1909 de
912 1881 931 1909 ν.
947 1881 966 1909 ν.

186 1934 204 1975 ll
221 1936 240 1975 1.
258 1936 286 1976 10
301 1933 488 1988 circumaguntur
502 1946 577 1976 verres
592 1933 653 1975 urus
669 1939 758 1984 tauma
767 1933 859 1988 Dionys.
868 1934 963 1977 1v22.1

187 2000 215 2044 ru
230 2000 248 2043 δ’
264 2000 322 2054 ἱερεῖον
332 2035 336 2043 ,
347 2033 366 2044 ..
383 1998 424 2051 τρὶς
441 1997 592 2053 σερνοχθῆνοο;
610 2001 673 2044 Serv.
689 2003 717 2044 ad
732 2002 816 2058 Vergil.
833 2002 964 2046 staulam.

216 2069 236 2113 b.
261 2070 280 2111 L
289 2084 321 2112 us
330 2077 339 2112 t
348 2084 357 2111 r
366 2084 378 2111 a
387 2070 433 2112 tio
454 2082 490 2110 ex
499 2083 511 2110 e
520 2083 530 2110 r
539 2082 550 2110 c
559 2070 624 2112 itus
640 2069 833 2121 suovetaurilibus,
850 2069 877 2112 cf.
895 2070 966 2114 Tacit.

186 2138 247 2181 Auu.
269 2138 299 2180 VI
320 2138 354 2181 37.
377 2152 436 2180 ruore
458 2137 557 2179 Rouuuuu
573 2137 737 2180 suovetaurilia
753 2144 775 2180 et
791 2137 836 2181 Cic.
852 2138 880 2180 ue
895 2138 940 2181 diu.
958 2138 966 2179 l

189 2207 238 2250 102.
262 2207 430 2250 Lustrationem
454 2212 506 2248 ante
526 2218 623 2260 pugnam
640 2213 803 2249 commemorat
818 2205 908 2249 Cassius
924 2207 967 2249 Dio

187 2274 269 2317 XLVII
285 2277 320 2326 38,
336 2281 388 2329 post
403 2286 501 2330 pugnam
517 2274 578 2316 idem
593 2273 675 2315 XLVll
690 2274 725 2316 40.

217 2355 234 2384 ο.
251 2343 422 2385 Lustratio
446 2341 574 2383 classis.
597 2341 669 2384 Huius
690 2342 825 2392 circuitionis
846 2343 913 2385 ritum
929 2357 965 2385 co-

187 2412 250 2464 piose
273 2418 361 2454 enarrat
384 2411 499 2464 Appianus
521 2410 569 2451 bell.
591 2410 632 2452 civ.
649 2410 671 2451 V
686 2410 720 2453 96.
737 2411 778 2455 401
796 2409 839 2452 ἐπεὶ
855 2409 872 2452 δ’
889 2408 966 2463 ἕτοιμος

188 2474 210 2526 ἦν
230 2476 330 2526 iunium,
347 2477 453 2531 ἐκσίθοιορεν
468 2476 528 2519 nuru
543 2475 552 2517 ὂ
568 2480 644 2530 Κσῖσσιρ
661 2473 702 2518 οἶδε’
720 2476 736 2518 οἱ
751 2476 789 2528 μὲν
802 2476 867 2529 βοροὶ
881 2477 965 2530 clurinum

186 2551 222 2595 τῆς
245 2544 361 2594 θαλάσσης,
383 2544 417 2588 uui
434 2546 445 2595 οἱ
461 2543 544 2592 πληθὺς
560 2544 631 2593 αὐτοὺς
647 2543 760 2598 περιέστηκε
777 2544 833 2588 κοντοὶ
848 2549 895 2588 νοοῦν
912 2545 965 2597 μετὰ

186 2617 262 2661 σιωπῆς
285 2607 417 2665 βσθστσὶτνρς·
442 2612 458 2655 οἱ
481 2612 502 2654 lt
525 2612 614 2665 ἱερουργοὶ
638 2611 706 2655 θύουσι
729 2613 766 2664 μὲν
789 2613 873 2661 ἑστῶτες
889 2613 923 2656 ἐστὶ
940 2618 964 2666 τῇ

186 2680 283 2735 &unciaru
307 2681 343 2723 uui
365 2682 406 2735 τρὶς
430 2680 464 2724 ἐστὶ
489 2682 574 2734 στροφῶν
598 2680 728 2736 περιφέρουσιν
749 2681 788 2724 uui
804 2681 836 2724 τὸν
852 2680 921 2724 στόλον
938 2680 965 2724 τοὶ

187 2748 296 2804 κσθσὶρσνοο,
317 2748 502 2804 συμπεριπλεόντων
517 2748 586 2797 uitale
602 2753 640 2792 τῶν
655 2753 771 2802 σσροοτνγῶν
786 2748 820 2792 uui
836 2749 965 2804 ἑσσρωμένσν
