2051 3214
457 146 486 188 45

84 276 204 327 concordat
220 272 313 326 epiStola
329 271 418 313 Traiani
433 271 461 313 ad
478 271 570 314 Plinium
587 270 668 328 (Epist.
686 269 777 326 LXXI):
784 277 863 326 possu-

84 362 133 394 raus
155 341 219 399 opud
240 339 362 383 Prusenses
386 353 440 381 areo
461 338 506 381 ista
530 354 578 382 eune
595 340 657 382 doneo
673 339 779 393 collapso,
796 353 863 395 quone

5 420 19 460 ’.
84 427 163 462 vocure
184 408 271 460 scribis,
296 409 328 450 ud
350 407 521 450 exstructionem
545 407 631 451 balinei
650 406 692 450 nti.
714 406 775 449 illud
790 413 863 449 tarneu

10 475 11 479 ¹
81 493 163 542 parurn
179 476 317 533 expressisti,
334 490 365 519 au
381 476 447 518 aedes
460 475 485 518 in
490 476 608 531 peristylio
618 474 714 518 Claudio
717 473 786 528 faeta
795 481 853 517 esset
857 488 863 526 ;

84 566 136 597 narn
159 548 182 591 si
199 545 268 600 faeta
289 552 328 597 est,
354 545 407 588 lieet
421 546 520 600 collapsa
535 544 572 597 sit,
589 543 670 599 religio
686 543 735 585 eius
750 543 865 598 oeenpuait

1 624 24 644 '⁸'
84 622 160 664 solurn.
184 615 241 658 Cum
264 615 330 670 igitur
353 614 375 655 in
398 612 452 655 locis
473 614 541 655 sacris
562 613 662 656 aedificia
683 614 861 662 exstruebantur,

83 688 177 745 graviter
200 683 342 737 peccabatur,
366 681 455 724 Etenim
478 683 536 737 quod
555 695 645 724 sacrorn
666 687 700 723 est
719 681 749 723 ait
764 681 825 723 Fest.
840 680 863 722 M

8 777 24 796 μ
84 757 126 799 280
150 753 168 794 L
192 751 236 793 350
257 749 315 792 idern
331 751 379 804 lege
394 755 437 791 aut
451 749 555 792 instituto
571 749 682 792 ruaiorurn
698 756 801 791 sanatura
818 762 864 791 esse

1 835 2 838 ’
81 828 170 880 putant,
195 825 222 860 nt
243 817 327 860 violari
348 817 374 859 ia'
387 817 437 860 sine
448 824 520 872 poena
537 831 580 860 uon
592 817 672 883 possit.
689 816 862 871 Nonnumquam

14 928 17 932 a
84 898 157 935 autem
173 887 299 942 contigisse,
316 893 340 929 ut
356 900 395 940 per
411 887 582 940 imprudentiam
595 887 618 928 ln
631 886 688 927 areis
702 886 790 927 aedium
805 887 863 928 diru-

83 968 153 1002 tarum
179 956 259 997 domus
282 955 451 996 aedificarentur
474 955 570 1009 ideoque
590 955 756 996 incurrerentur
770 953 863 1008 piacula,

10 1064 11 1068 ,
83 1028 141 1069 idem
165 1023 231 1065 docet
254 1022 295 1064 bos
317 1021 353 1063 ille
376 1021 491 1075 piacularis
513 1035 579 1076 quem
596 1035 662 1075 supra
678 1023 861 1064 commemoravi:

84 1091 206 1147 nunquid.
218 1124 222 1131 .
233 1123 251 1131 ..
267 1089 375 1144 religioso
390 1089 499 1144 quaedorn
516 1091 563 1131 loca
576 1088 778 1131 substructionibus
789 1089 864 1144 pollui

5 1216 7 1218 g
22 1173 27 1202 J
48 1169 52 1175 '
80 1159 203 1218 prosauive
214 1156 334 1212 privatis?
347 1156 381 1200 Cf.
397 1156 482 1199 Arnob.
498 1158 556 1201 ado„
567 1164 614 1199 not.
630 1157 670 1198 VII
685 1159 706 1200 9.

2 1231 3 1234 ’
112 1230 173 1271 Loca
196 1239 259 1268 sacra
281 1227 310 1268 ab
333 1226 397 1268 hoste
422 1233 487 1279 capta
510 1239 533 1267 re
554 1222 603 1279 ipsa
619 1225 736 1279 profanata
752 1233 822 1277 erant,
839 1233 863 1268 ut

14 1310 16 1312 ’
85 1298 142 1339 clare
166 1295 264 1337 indicant
287 1287 374 1348 Digest.
398 1294 428 1335 XI
444 1293 464 1335 7.
481 1294 510 1336 36
533 1307 582 1335 oure
605 1294 652 1336 loeo
675 1300 742 1348 capta
765 1295 862 1336 suntab

84 1364 189 1415 nosteros,
222 1363 296 1404 oruniu
319 1362 429 1404 desinunt
450 1361 557 1416 religioso
580 1362 616 1403 vel
637 1374 704 1403 saera
727 1375 779 1413 esse,
804 1361 864 1404 sieut

82 1432 180 1475 leoninas
202 1429 268 1472 liberi
290 1429 315 1471 iu
338 1429 467 1472 servitutem
487 1428 636 1483 perventum,-
656 1429 715 1483 qnod
733 1430 756 1471 si
778 1430 805 1472 ab
821 1429 862 1471 nae

82 1499 211 1542 ealarnitute
218 1496 313 1551 suerint
320 1497 438 1548 liberatae,
448 1497 515 1552 quusi
522 1497 617 1552 quadan
623 1496 764 1551 postliminio
773 1509 862 1540 reversa

0 1567 17 1618 <J'ss
79 1566 177 1622 pristino
192 1565 266 1607 statui
280 1565 438 1608 restituuntur.
455 1564 511 1607 Cum
528 1572 602 1608 autem
616 1572 710 1616 constet,
724 1565 778 1609 locis
792 1568 860 1609 sacris

6 1633 17 1642 ²
83 1637 110 1677 ab
130 1636 194 1677 hoste
214 1635 291 1688 captis,
309 1634 464 1688 profanatione
480 1634 531 1676 licet
546 1634 619 1675 invitis
636 1635 689 1688 ipsis
704 1634 812 1677 Romanis
827 1636 860 1677 ius

3 1732 5 1745 2
83 1703 180 1744 divinum
204 1716 253 1744 esse
276 1702 368 1754 laesum,
391 1702 478 1756 piaculo
499 1703 553 1744 deos
569 1702 651 1756 placari
665 1705 790 1756 oportebat.
807 1703 858 1757 Quo

83 1778 183 1825 tempore
199 1771 222 1812 di
237 1769 383 1833 placprentur,
400 1770 517 1824 profanata
533 1784 622 1825 quoque
637 1770 685 1812 loca
701 1784 751 1813 esse
766 1771 860 1814 lustrata

8 1863 9 1867 =
83 1846 104 1881 et
127 1839 190 1894 quasi
212 1840 240 1880 ab
263 1839 360 1881 hostium
385 1839 487 1881 sordibus
512 1845 634 1894 expurgata
657 1863 685 1868 —
709 1840 766 1882 sicut
792 1841 860 1882 etiam

82 1907 175 1949 Plataeis
199 1906 283 1948 Iactum
304 1921 354 1949 esse
369 1907 498 1949 Plutarchus
515 1914 589 1949 narrat
605 1906 710 1963 (Aristid.
727 1906 778 1963 XX)
795 1932 824 1938 —
840 1909 861 1950 ln

5 1969 20 2018 {2
83 1982 186 2029 promptu
201 1981 242 2016 est.
258 1974 333 2028 Quare
349 1975 436 2017 Livium
453 1975 474 2016 V
489 1976 525 2017 50.
541 1976 554 2016 2
570 1976 608 2017 ubi
623 1988 686 2017 sacra
699 1974 788 2017 aGallis
797 1983 862 2030 capta

83 2050 105 2085 et
128 2058 140 2085 a
164 2041 258 2085 Camillo
275 2043 365 2096 expiata
380 2043 455 2094 refert,
471 2056 526 2085 voce
542 2042 680 2097 expiationis
693 2043 780 2096 piacula
796 2044 861 2086 simul

10 2138 11 2141 =
82 2118 104 2153 et
118 2111 260 2153 lustrationes
277 2110 405 2164 amplexum
422 2124 471 2152 esse
487 2111 601 2153 existimo:
618 2110 708 2152 rettulit
722 2117 744 2152 et
758 2118 861 2154 senatus·
940 2148 942 2151 .

0 2202 17 2213 κ
82 2181 206 2222 eonsnltnrn
224 2177 293 2231 facit,
313 2177 377 2232 fana
401 2178 482 2230 oxonia,
506 2179 580 2234 quood
600 2192 625 2220 ea
641 2178 713 2220 nostis
724 2179 863 2233 possedisset

16 2268 17 2274 =
82 2246 258 2298 restituerentur,
288 2247 465 2289 terminarentur
481 2247 688 2302 expiarenturque,
721 2241 862 2304 expiatioque

16 2333 18 2335 -
83 2327 155 2356 eornnr
181 2315 205 2357 in
229 2315 295 2358 libris
315 2322 358 2370 per
379 2315 511 2358 duurnoiros
533 2321 682 2371 quaereretur.
703 2315 765 2357 Libri
785 2324 861 2359 autem

83 2380 182 2435 Sibyllini
205 2398 218 2425 a
233 2383 340 2425 Romanis
356 2384 494 2435 adiebantur,
512 2397 562 2425 curn
579 2397 605 2425 ea
621 2382 706 2436 piacula
722 2391 785 2426 erant
801 2398 861 2427 com-

4 2470 5 2473 =
83 2450 150 2492 missa
173 2465 230 2506 quae
254 2453 283 2494 ob
307 2452 482 2507 magnitudinem
499 2452 556 2494 sacri
572 2451 685 2493 commissi
701 2453 796 2507 prodigii
811 2452 861 2494 loco

3 2519 5 2533 ³
83 2516 227 2572 habebantur,
251 2520 290 2576 (cf.
313 2521 361 2562 Liv.
384 2520 433 2561 VIII
458 2521 495 2572 183
512 2519 572 2561 XXII
587 2521 612 2570 93
628 2519 689 2560 XXII
705 2517 750 2576 57).
772 2520 861 2574 Quanta

5 2641 6 2644 Ἴ
83 2584 157 2641 religio
181 2602 234 2631 vero
257 2589 364 2632 Romanis
388 2602 501 2631 sacrorum
525 2588 625 2652 locprum
646 2587 772 2641 profanatio
788 2588 860 2641 fuerit,

82 2651 134 2695 inde
149 2655 213 2698 facile
230 2656 345 2713 colligitur,
361 2658 421 2711 quod
437 2670 487 2699 cum
501 2658 523 2698 in
536 2656 586 2698 loco
595 2669 658 2697 sacro
667 2656 756 2698 alterius
765 2657 860 2699 numinis

83 2722 161 2764 aedem
184 2725 300 2767 aedificare
321 2724 408 2777 vellent,
432 2726 492 2778 prius
515 2726 576 2776 deos,
593 2724 672 2778 quibus
689 2737 715 2766 ea
731 2723 780 2767 loca
795 2732 861 2767 antea

84 2788 155 2832 dicata
176 2799 246 2844 erant,
263 2795 291 2836 ad
308 2793 349 2836 alia
365 2792 448 2846 templa
464 2794 593 2843 evocabant,
611 2792 639 2834 ef.
656 2791 717 2834 Serv.
734 2795 763 2835 ad
778 2792 860 2848 Vergil.
