2051 3214
524 161 566 202 110

155 281 308 339 Cursarlrum)
326 280 395 325 Genio
410 283 516 340 dluirrirzi)
533 285 623 342 ruistri)
640 285 716 329 Severi
731 285 862 328 Alexandri
876 285 935 340 Aug.

153 349 263 409 iliarum)
280 350 420 407 iturarum);
437 351 489 394 item
506 353 568 396 diuis
584 368 605 396 ti.
622 353 673 396 XX
684 351 800 409 verbenas)
816 353 868 395 XX.

183 419 223 462 III
236 420 267 461 id⁴
283 419 335 462 Dec.
348 418 441 472 fratres
454 418 570 478 diaulus)
587 422 611 464 iri
627 424 688 464 luco.
698 454 718 464 ..
735 420 934 477 attitulaverant),

153 488 213 543 quod
235 488 263 530 ub
287 487 334 529 ictu
353 486 467 540 fulminis
490 489 625 532 arbores...
649 490 774 540 urdueriut
788 488 936 545 ⁴ritrirrrrqbie)

152 557 256 600 orborum
272 553 452 609 udulffucturtmi
469 563 491 597 et
505 557 701 613 coinqueridururu
719 564 741 599 et
753 558 777 599 iu
786 570 809 598 eo
817 559 865 600 luco
873 571 936 599 sucro

153 625 215 668 uliae
242 624 292 667 sint
318 623 430 678 repositae
453 630 475 665 rt
499 639 554 666 urae
577 625 725 681 tririporul(es)
750 624 853 679 refectui,
873 624 938 679 ferri

135 691 287 748 'efferteudzt
311 689 400 749 {ilarius
424 692 558 749 aprilis)
581 692 728 748 perfecti
750 707 820 735 causa
837 695 935 736 lustrum

153 762 248 804 missuri
263 759 475 816 siiovrtuuriliblus)
490 761 615 803 iunioribus
631 769 652 804 rt
666 769 737 804 cetera
752 759 935 817 qliae)s(rrpru).

181 831 206 872 ln
221 830 282 872 hisce
298 829 353 871 actis
369 829 449 884 agitur,
466 830 488 870 ni
504 829 575 882 fallor,
593 831 621 873 de
637 830 731 873 solemni
745 830 842 885 quadam
852 829 937 884 collegii

152 912 241 953 pompa.
258 896 300 940 Cui
315 910 412 951 pompae
428 904 453 939 ut
469 898 555 940 initium
569 898 670 941 lacerent
685 899 771 950 fratres,
780 897 936 940 suovetaurilia

152 967 238 1010 maiora
252 966 390 1008 lustrationis
406 979 474 1007 causa
490 967 549 1008 circa
564 966 638 1009 lucum
655 968 774 1018 ducebant,
783 966 936 1009 circumitione

152 1042 228 1078 autem
251 1039 342 1088 peracta
364 1047 390 1075 ea
401 1031 471 1076 vMarti
482 1030 498 1090 ¹)
515 1034 661 1077 immolabant
676 1037 699 1077 in
715 1035 771 1086 luco,
787 1035 810 1078 icl
826 1041 867 1086 est,
884 1041 936 1076 ante

151 1103 226 1146 lucum
242 1104 271 1145 ad
287 1114 356 1144 aram.
369 1102 518 1144 Lustrationis
532 1102 575 1145 ritu
587 1103 774 1156 perfectofratres
783 1102 936 1145 ascendebant

153 1173 181 1215 ad
196 1172 268 1225 ipsam
285 1171 341 1212 deae
357 1170 413 1211 Diae
429 1171 515 1222 aedem,
533 1184 577 1224 quo
594 1184 644 1213 cum
657 1172 776 1222 venissent,
790 1171 860 1225 ipsam
870 1172 935 1213 deam

153 1240 272 1294 placabant
302 1238 390 1280 duobus
415 1238 487 1281 bubus
511 1238 612 1290 feminis;
637 1240 717 1282 deinde
740 1240 769 1281 ad
792 1239 863 1281 varias
886 1251 935 1280 aras

152 1306 288 1361 temporales
302 1307 462 1361 procedebant,
476 1307 515 1349 ubi
523 1320 573 1349 cum
583 1307 658 1350 multis
667 1308 700 1349 dis
710 1308 838 1362 deabusque
846 1307 935 1361 proprio

153 1375 261 1418 sacrificio
277 1374 463 1430 sacrificaverant,
479 1381 503 1418 ut
518 1375 585 1417 finem
599 1389 695 1429 pompae
707 1376 848 1430 imponerent
856 1373 936 1418 Caesa·

152 1456 214 1486 reum
230 1443 330 1494 adibant,
345 1443 384 1485 ubi
397 1442 470 1486 Genio
484 1444 597 1498 regnantis
610 1444 749 1498 imperatoris
758 1442 935 1498 Caesaribusque

153 1512 290 1555 consecratis
311 1512 412 1565 proprias
427 1511 575 1555 immolabant
589 1512 673 1554 hostias
683 1509 708 1569 2).
725 1511 792 1567 Quod
807 1513 826 1554 si
841 1512 935 1567 quaeris,

152 1594 210 1638 quae
233 1579 339 1622 solemnis
362 1580 427 1622 huius
450 1593 547 1634 pompae
570 1580 789 1635 significatio'fnerit‚
806 1580 895 1634 duplex,
912 1582 935 1622 ni

152 1649 222 1700 fallor,
248 1654 302 1691 erat.
325 1647 383 1690 Nam
400 1648 524 1691 ducebatur
539 1661 584 1691 non
600 1655 687 1691 tantum
704 1656 729 1691 ut
743 1649 845 1705 prodigia
860 1649 935 1704 gravia

152 1723 332 1772 procurarentur,
354 1717 395 1759 sed
416 1718 484 1759 etiam
500 1724 523 1760 ut
540 1717 622 1771 ubique
637 1718 659 1758 in
676 1730 739 1759 sacro
755 1717 806 1759 luco
822 1718 845 1759 di
860 1717 932 1770 placa-

152 1792 229 1829 rentur
250 1785 331 1828 debitis
346 1784 439 1838 piaculis
455 1785 485 1827 ob
501 1798 564 1827 sacra
579 1785 741 1828 committenda
756 1785 789 1827 vel
806 1786 932 1827 commissa.

152 1854 242 1897 Etenim
265 1860 361 1908 utroque
383 1865 443 1895 anno
467 1854 542 1907 gravia
564 1854 586 1895 in
601 1852 652 1896 luco
668 1852 727 1896 facta
743 1860 805 1895 erant
821 1854 932 1908 prodigia:

152 1937 211 1966 anno
229 1922 342 1964 raeticus
358 1922 380 1963 in
396 1922 445 1975 ipso
461 1922 523 1965 aedis
539 1922 631 1976 vestigio
640 1929 688 1965 erat
695 1923 850 1973 innata3ann0
859 1930 933 1964 autem

152 1993 197 2034 224
216 1992 308 2033 arbores
325 1990 383 2032 sacri
398 1989 441 2032 luci
457 1989 550 2032 fulmine
565 1996 639 2032 tactae
655 1997 762 2032 arserant.
779 1988 825 2031 Sed
841 1991 933 2032 easdem

152 2063 182 2103 ob
198 2073 277 2102 causas
293 2058 421 2101 necessaria
438 2065 502 2101 erant
518 2058 605 2112 piacula
620 2066 666 2101 tam
681 2059 753 2112 operis
762 2057 858 2100 faciendi
866 2070 933 2112 quam

152 2129 226 2184 operis
250 2127 351 2182 perfecti.
366 2126 405 2169 lllo
422 2128 481 2168 enim
497 2140 556 2170 anno
572 2127 626 2169 ficus
643 2134 691 2170 erat
706 2125 805 2169 eruenda
821 2126 934 2180 aedesque

152 2198 208 2239 deae
231 2196 287 2238 Diae
311 2193 442 2246 reficienda;
464 2194 506 2237 hoc
525 2208 577 2237 vero
594 2196 685 2237 arbores
701 2202 778 2237 erutae
794 2193 853 2236 ferro
870 2199 933 2235 erant

151 2265 286 2314 tendendae,
313 2262 444 2315 adolendae,
469 2263 649 2306 commolendae:
678 2262 733 2306 aliae
756 2264 847 2305 arbores
870 2267 934 2304 erant

152 2327 306 2376 restituendae
328 2331 427 2385 ideoque
449 2332 472 2372 in
493 2331 544 2373 luco
559 2338 607 2373 erat
623 2331 762 2373 fodiendum:
780 2344 831 2373 arae
847 2335 933 2383 tempo·

152 2401 209 2444 rales
234 2406 297 2442 erant
320 2399 453 2442 reficiendae
469 2398 597 2454 ferrumque
611 2399 768 2441 adhibendum.
786 2398 860 2452 Quare
876 2398 933 2439 lus-

177 2533 194 2579 1)
208 2532 354 2569 Suovetauralia
372 2532 428 2568 Marti
447 2543 490 2568 esse
511 2537 599 2576 mactata,
618 2537 672 2568 recte
691 2531 761 2578 probat
780 2531 898 2577 Oldenberg,
912 2529 933 2564 de

151 2586 199 2626 sacr.
208 2591 239 2636 fr,
253 2589 319 2624 Arnai.
332 2591 407 2634 quaest,
419 2600 438 2635 p.
452 2592 474 2624 42
487 2599 521 2634 sq„
534 2589 558 2624 cf.
571 2598 629 2633 supra
642 2598 720 2634 quoque
733 2599 751 2633 p.
765 2590 788 2624 89
801 2592 821 2624 et
833 2591 862 2624 90.

176 2646 194 2691 2)
207 2647 265 2681 Anno
285 2648 319 2680 183
339 2656 383 2681 arae
402 2645 521 2691 temporales
540 2656 579 2680 non
593 2650 775 2687 commemorantur,
788 2644 829 2680 sive
842 2644 895 2688 quod
908 2653 932 2678 eo

152 2714 204 2739 anno
223 2713 263 2738 non
282 2707 342 2745 erant,
362 2703 402 2738 sive
421 2703 474 2748 quod
494 2707 539 2738 ante
559 2703 627 2738 aedem
647 2702 709 2747 ipsam
727 2700 776 2738 deae
795 2701 843 2736 Diae
856 2700 932 2745 positae

152 2765 213 2804 erant,
226 2759 251 2797 cf.
264 2759 383 2805 Oldenberg,
396 2758 408 2793 l.
421 2758 439 2801 l,
452 2769 471 2804 p.
485 2760 513 2794 46.
526 2758 602 2794 Eodem
610 2768 661 2794 anno
672 2758 721 2793 divis
728 2761 803 2794 tantum
810 2755 932 2798 Caesaribus,

151 2826 216 2861 neque
229 2815 293 2851 Genio
307 2816 407 2861 regnantis
420 2815 509 2851 Caesaris
522 2814 642 2850 immolatum
656 2819 691 2849 est.
