2051 3214
427 158 454 200 61

82 294 102 335 b.
126 288 167 330 De
192 284 285 326 vitiis
310 296 346 325 ex
371 289 462 336 parte
486 282 728 325 sacrificantis.
877 336 879 338 v

82 355 213 403 Sacrificans
229 359 322 395 externe
339 350 418 393 saitem
435 351 530 393 mundus
546 352 574 394 sit
586 364 680 394 necesse
694 356 739 401 est;
757 362 836 390 manus

53 428 184 473 vestimenta
209 421 253 462 sint
277 433 338 474 pura,
364 418 392 462 cf.
416 418 464 461 Liv.
480 419 544 461 XLV
560 420 611 462 5.4
635 417 708 465 orariis
719 415 837 471 praefatio

0 502 3 549 ᾗ
54 505 165 541 sacrorum
189 502 230 540 cos,
252 488 333 544 quibus
349 501 393 529 uou
409 487 458 529 siut
468 493 543 542 purae
558 502 647 538 marcus,
664 485 738 528 sacris
754 490 837 527 arccut.

54 565 110 607 Vide
126 560 194 602 etiam
211 557 219 598 I
234 558 270 600 45.
287 557 301 599 6
318 563 340 599 et
356 555 416 597 PauI.
433 556 456 598 M
472 557 515 598 248
531 556 550 598 L
567 557 611 599 293
624 562 687 611 pura
703 553 837 597 vcstimcuta

54 629 177 675 sacerdotes
200 625 232 667 ccl
254 624 394 679 sacrificium
415 624 531 675 laceram,
549 624 623 666 idest
638 637 681 665 uou
697 622 776 674 obsita,
793 634 837 663 uou

4 694 9 713 ³
55 696 175 753 fulgurita,
198 707 242 735 riou
253 692 358 747 fumaria,
376 706 420 734 uou
436 694 547 735 maculam
563 692 670 734 lcaloutia
681 688 705 747 1).
721 690 752 732 Ut
769 692 797 733 de
813 703 837 730 re

54 768 155 811 universa
178 762 262 817 loquar,
287 762 361 803 omnis
385 760 519 816 negligentia
540 762 563 802 in
585 760 694 803 sacrificio
709 758 838 815 peragendo

54 833 210 879 succiduarum
227 829 332 883 postulat,
349 828 377 870 cf.
391 828 476 871 Arnob.
486 829 538 871 ado.
548 835 594 870 καί.
604 828 635 870 IV
644 830 671 870 31
678 826 769 881 piaculi
781 825 836 868 dici-

55 911 91 946 tur
114 906 227 943 contracta
253 912 300 940 osso
320 897 451 948 commissio,
473 898 550 952 siper
566 895 732 952 imprudentiae
747 896 847 950 lapsum-

55 977 95 1013 aut
115 970 139 1011 iu
160 967 224 1010 uerbo
248 966 363 1021 quispiam
380 972 422 1007 aut
436 965 548 1020 simpuvio
564 964 683 1015 deerrarit,
699 963 726 1005 III
741 964 770 1005 43
785 962 837 1004 lcuic

55 1038 125 1092 capito
145 1037 223 1085 voluto,
242 1034 280 1077 illi
293 1033 472 1088 sacrificandum
488 1040 523 1075 cst
537 1034 640 1076 κασία...
656 1046 705 1073 oum
721 1030 838 1086 ignoratio

54 1119 127 1148 rorum
137 1138 140 1145 .
152 1135 171 1146 ..
189 1108 266 1157 cogat.
276 1135 279 1144 .
290 1135 294 1143 .
310 1102 435 1144 uccossario
445 1102 563 1157 piaculum
572 1094 683 1151 coutralci'
691 1099 747 1141 Plut.
759 1098 836 1142 Coriol.

8 1166 10 1168 ³
55 1174 81 1215 25
97 1170 170 1218 θυσίας
186 1168 207 1212 δὲ
223 1167 255 1211 καί
271 1168 356 1221 πομπίις
373 1168 407 1211 καὶ
423 1168 474 1218 θέας
490 1169 511 1212 οὐ
525 1168 581 1224 μόνον
595 1167 617 1219 ἐξ
631 1166 699 1216 αἰτίας
707 1164 837 1215 τκλικαιίτκς,

0 1249 1 1252 ’
55 1239 108 1282 ἄλλα
125 1238 159 1281 καί
176 1237 209 1280 δια
227 1238 298 1291 μικρας
315 1236 418 1289 Ῥωμαίοις
435 1235 480 1286 ἔθος
496 1236 551 1279 ἐστίν
566 1235 719 1289 ἀναλαμβάνειν
730 1268 734 1278 .
744 1267 763 1277 ..
781 1234 800 1276 ἐν
816 1233 837 1275 δὲ

55 1309 95 1354 τοῖς
118 1303 173 1349 καίτοι
197 1304 273 1358 χρόνοις
296 1304 346 1358 μίαν
370 1303 443 1348 θυσίαν
463 1302 602 1359 τριακοντάκις
622 1303 722 1358 ἐποίησαν,
739 1301 772 1345 art
786 1317 837 1349 τινος
909 1335 910 1338 ¹

56 1373 191 1426 ἐλλείμματος
214 1371 225 1422 ii
250 1372 424 1428 προσκρούσματος
447 1372 540 1425 γίνεσθαι
562 1373 667 1421 δοκοῦντος.
684 1373 730 1414 Ara
746 1385 836 1427 quoque

55 1445 165 1486 sacerdoti
187 1446 301 1497 tangenda
324 1450 378 1494 erat,
404 1443 422 1484 si
438 1444 512 1484 minus
527 1444 638 1496 piaculum
654 1441 790 1491 incurrebat,
808 1439 836 1481 cf.

55 1511 115 1555 Serv.
139 1513 168 1554 ad
191 1511 275 1566 Vergil.
291 1510 347 1553 Aea.
364 1511 395 1552 IV
411 1511 455 1554 219
471 1524 557 1552 accesso
572 1511 631 1553 mrim
647 1524 702 1552 aras
718 1523 732 1550 α
747 1508 838 1562 sacrifi-

55 1579 157 1622 cantibus
181 1579 261 1621 touori:
283 1580 342 1634 quod
362 1578 388 1620 ui
399 1578 473 1632 floret,
491 1578 538 1620 diis
553 1577 693 1632 sacrificatio
706 1583 778 1631 gratu
795 1590 838 1618 uou

56 1655 117 1690 ossa.

56 1730 102 1757 ·e.
126 1715 168 1757 De
191 1716 285 1758 vitiis
309 1729 346 1757 ex
368 1722 464 1769 parte
488 1714 782 1757 circumstantium.

83 1783 220 1826 Sacrificium
236 1784 296 1827 nulio
313 1784 382 1826 modo
395 1784 568 1837 interrumpatur
581 1796 674 1826 necesse
688 1788 728 1833 est,
738 1781 766 1825 cf.
775 1781 837 1824 Serv.

56 1852 83 1892 ad
106 1852 190 1907 Vergil.
210 1851 266 1895 Aca.
287 1851 337 1893 VIII
355 1853 398 1894 110
414 1865 441 1893 m
457 1850 620 1905 iutcrruptmuo
634 1849 747 1904 sacrificii
757 1850 838 1905 piacu-

3 1943 4 1946 =
56 1920 100 1961 lum
125 1920 282 1962 committatur.
307 1919 340 1962 Cf.
367 1933 456 1974 quoque
479 1919 506 1961 III
521 1917 564 1961 407
588 1926 610 1961 et
633 1918 689 1960 PIut.
711 1917 793 1960 Coriol.
809 1917 838 1959 25
871 1937 875 1943 ³

56 1983 101 2028 irai
117 1986 156 2041 γαρ
171 1985 269 2041 laurita
284 1984 295 2035 t
312 1987 366 2040 ἱερεῖς
382 1985 486 2039 προίστασί
500 2002 519 2028 τι
534 1988 573 2029 τῶν
590 1985 654 2036 θείαν,
667 1985 676 2028 o‘
690 1982 750 2039 κῆρυξ
765 1983 838 2039 πρόεισι

56 2052 136 2108 arrian
161 2057 216 2109 φανῇ
241 2054 303 2105 paui:
325 2054 347 2097 ὃκ
362 2052 407 2106 σίνε.
424 2053 516 2107 σημαίνει
532 2054 550 2097 δ’
567 2055 577 2104 ἡ
594 2054 662 2109 puri:
679 2056 737 2096 τοῦτο
754 2054 838 2107 πρίιττε,

56 2122 159 2175 προσέχειν
180 2120 286 2165 κελεύουσα
307 2127 349 2170 τοῖς
365 2122 420 2176 ἱεροῖς
435 2121 470 2165 καί
487 2122 549 2174 μηδὲν
564 2120 618 2175 ἔργον
633 2122 734 2174 ἐμβαλεῖν
751 2119 836 2173 μεταξύ.

56 2188 134 2233 Senec.
159 2193 187 2234 de
209 2193 249 2235 vit.
268 2194 329 2234 ‘boat
347 2193 376 2234 25
387 2191 467 2245 saucio
482 2192 582 2247 liuguis;
598 2193 636 2234 lcoc
652 2192 787 2234 veroum...
804 2192 838 2242 iu-

54 2263 132 2311 porat.
143 2291 162 2302 ..
179 2261 303 2312 silentium,
320 2267 347 2302 ut
361 2260 404 2302 rito
415 2260 499 2315 peragi
510 2260 586 2315 possit
597 2274 694 2310 sacrum,
710 2261 776 2302 uulla
790 2273 839 2302 voce

2 2338 4 2342 ’
57 2329 114 2369 rualo
134 2329 277 2383 obstrepente.
292 2329 352 2371 Vide
368 2335 391 2370 et
406 2328 460 2371 PIIn.
477 2329 507 2371 N.
523 2329 552 2371 H.
568 2328 660 2370 XXVIII
677 2330 712 2370 11.
728 2327 810 2370 Absint
826 2342 839 2369 a

57 2396 162 2439 sacrificio
185 2398 269 2449 hostes,
293 2398 361 2451 impii,
384 2397 479 2450 profani,
504 2397 531 2439 ct.
556 2397 659 2440 Lactant.
682 2397 712 2439 D.
729 2395 747 2439 I.
763 2397 794 2439 IV
810 2397 838 2438 27

57 2457 95 2515 (VI
111 2464 154 2506 532
170 2462 202 2521 Μ)
219 2479 273 2507 uam
289 2479 338 2507 cum
354 2465 402 2506 diis
417 2465 467 2507 suis
481 2465 604 2516 immolant,
618 2465 641 2507 si
648 2465 747 2507 assistat
754 2465 839 2520 aliquis

57 2528 171 2582 signatam
182 2532 284 2586 frontem
297 2547 385 2588 gemus,
402 2547 469 2575 sucro
485 2531 745 2587 circumastantium).
762 2534 839 2589 Itaque

18 2606 20 2611 ·
58 2606 153 2616 κ

80 2650 97 2690 1)
110 2649 140 2685 De
154 2651 248 2686 munditie
261 2650 317 2696 plura
330 2650 382 2696 apud
394 2634 617 2696 Marquardt-Wissdwa,
631 2649 654 2684 R.
661 2649 686 2685 St.
702 2649 721 2685 ΙᾸ
732 2647 787 2696 111p'.
799 2653 839 2688 175.

80 2702 97 2747 2)
110 2703 167 2741 Plura
182 2707 294 2742 testimonia
307 2705 359 2752 apud
372 2706 592 2751 uarquardt-Wissowa,
606 2705 637 2741 lc.
650 2717 668 2751 p.
682 2709 716 2741 175
727 2717 756 2752 sq.
767 2708 839 2743 Notata
888 2745 889 2748 ,

58 2756 136 2803 dignum
155 2761 202 2797 illud
216 2772 296 2808 quoque
308 2762 406 2798 Lactantii
419 2763 443 2798 ad
457 2762 505 2798 Stat,
521 2761 572 2797 Tmo.
586 2762 641 2798 1678
655 2762 704 2798 iuter
715 2772 769 2798 sacra
777 2762 842 2809 falari

58 2809 135 2855 (nomen
148 2817 254 2854 Infaustum
267 2816 382 2864 Oedipodis]
392 2816 490 2863 piaculum
502 2821 532 2852 ost.
