2051 3214
486 173 512 215 51

107 299 156 342 Hoc
179 298 198 339 si
221 295 340 351 quaeritur,
364 296 423 338 haud
446 297 538 340 multum
562 299 642 341 abesse
665 313 678 340 a
702 312 755 340 vero
778 298 891 350 existimo,

108 368 144 422 qui
168 365 312 415 contendant,
328 377 386 419 quae
407 378 436 406 ex
457 368 540 409 mensis
556 374 622 423 atque
639 381 651 409 e
667 368 771 409 manibus
787 366 892 420 prolapsa

107 441 175 484 erant,
193 433 275 474 laribus
298 432 311 473 i,
321 445 341 474 e.
357 431 478 475 lemuribus
495 434 563 477 fuisse
579 437 677 489 donum;
693 434 755 490 quod
771 447 852 476 munus
868 441 892 476 ut

106 502 187 545 laribus
211 501 348 551 redderetur,
366 500 467 544 Graecae
483 517 571 559 quoque
587 511 610 547 et
626 504 758 546 Prussianae
775 509 823 545 erar
839 516 892 545 con·

106 570 230 613 suetudinis
241 565 264 622 ¹).
296 568 368 623 Saepe
392 570 451 611 enim
476 573 562 624 accidit,
587 580 611 615 ut
634 574 721 626 species
745 566 836 627 quidem
860 572 891 612 rei

106 651 183 681 sacrae
206 644 296 679 maneat
318 644 341 679 et
360 638 437 693 figura,
462 640 517 682 ratio
533 648 608 683 autem
623 641 661 682 illa
677 642 751 694 specie
767 639 891 695 significata

106 706 188 749 sensim
213 712 311 748 mutetur
326 706 349 748 in
365 706 430 749 aliam
447 722 460 749 a
474 710 547 762 priore
562 709 598 751 illa
615 710 772 752 diversissima.
787 707 890 758 Laribus,

105 774 174 830 geniis
198 775 317 827 penatibus
340 776 426 829 piacula
447 790 513 831 saepe
533 792 583 820 esse
607 777 689 829 oblata,
714 777 798 819 indicat
817 776 891 818 codex

105 856 194 897 quoque
215 842 337 885 Theodosii
357 844 410 885 XVI
426 846 460 887 10.
479 847 505 887 12
530 848 609 889 niellus
624 846 728 888 omnine.
739 876 758 888 ..
774 843 891 887 secretiore

102 909 192 964 piaculo
213 911 283 953 larerr
309 910 366 965 igue,
391 914 562 968 reerigeretur,
576 920 672 969 penates
688 914 753 956 odore
768 918 889 955 veneratus

105 979 212 1020 accendat
226 978 321 1030 luminu,
338 979 440 1035 imponat
454 988 513 1034 tura,
530 989 592 1025 serta
608 982 739 1037 suspendat.

134 1116 212 1159 Restat
228 1124 253 1159 ut
269 1118 379 1171 quaedam
395 1119 495 1161 dicantus
511 1120 539 1162 de
563 1116 660 1161 feriis
684 1117 889 1172 piacularibus.

104 1185 161 1228 Sunt
176 1185 321 1241 singulorum,
337 1188 444 1242 gentium,
460 1187 600 1242 reipublicae.
663 1182 664 1185 ¹

133 1254 167 1296 De
182 1254 242 1296 feriis
258 1255 395 1310 singulorum
411 1257 455 1298 iarn
472 1258 568 1299 breuiter
583 1257 671 1299 locutus
687 1269 743 1307 sum,
752 1256 780 1297 de
789 1255 888 1296 manium

103 1323 150 1364 iure
167 1335 235 1377 agens
252 1329 274 1365 et
290 1324 443 1377 sepulcrorum
456 1323 486 1382 (p.
501 1326 530 1367 42
547 1322 597 1381 sq.).

133 1388 199 1443 Quod
223 1392 252 1433 ad
275 1398 353 1445 gentes
377 1393 463 1445 attinet,
488 1400 510 1436 et
534 1392 639 1436 Claudiae
662 1394 723 1448 genti
743 1398 765 1434 et
781 1391 888 1434 Horatiae

104 1459 185 1500 scimus
201 1459 313 1512 piaculum
329 1463 444 1515 quoddam
460 1461 529 1503 fuisse
542 1462 656 1516 proprium
664 1468 686 1504 et
695 1460 812 1516 singulare.
820 1459 888 1514 Apud

103 1528 162 1571 Fest.
184 1528 207 1570 M
222 1529 266 1571 238
290 1528 370 1571 L274
392 1530 446 1572 haec
462 1530 543 1572 habes:
558 1530 704 1585 propudialis
715 1537 798 1585 porcus
813 1530 888 1571 dietus

103 1603 141 1646 est,
164 1603 191 1638 ret
209 1596 246 1639 ait
262 1596 340 1651 Capite
355 1597 442 1649 Ateius,
459 1598 499 1654 qui
515 1599 539 1640 ira
554 1598 668 1653 sacrificio
680 1597 758 1653 geretis
776 1594 888 1640 Claudiae

102 1666 164 1706 velut
173 1665 316 1720 piamentum
332 1673 359 1716 et
368 1667 477 1709 exsolutio
493 1668 566 1710 orariis
578 1674 704 1714 contractae
715 1666 834 1721 religionis
847 1673 886 1709 est.

102 1733 235 1787 Propudium
252 1740 327 1777 autern
344 1742 402 1777 teste
418 1736 485 1778 Paulo
501 1736 524 1777 M
540 1735 583 1777 227
600 1736 619 1778 L
634 1736 678 1778 253
695 1743 729 1778 est
742 1735 811 1791 quasi
819 1740 886 1789 porro

98 1802 229 1854 pudendum
254 1817 293 1846 seu
318 1804 364 1846 aliis
389 1804 463 1846 verbis
487 1804 553 1846 crrirrs
575 1803 609 1845 rei
628 1804 701 1858 pudet
717 1795 749 1842 ¹:
771 1809 886 1845 contracta

100 1870 214 1925 religio:
223 1886 313 1914 sacrrrrrr
326 1873 467 1914 irremissum
477 1888 504 1910 :
510 1873 635 1927 pierreiurrr.
648 1872 806 1927 Propudiairrrr
820 1872 886 1926 igitur

97 1944 188 1992 percurri
212 1940 267 1996 (non
291 1940 354 1983 aliter
378 1955 404 1982 ac
424 1947 516 1995 porrum
533 1939 719 1995 praecidaneam)
735 1954 818 1982 nomen
835 1954 885 1982 esse

101 2005 168 2067 feriae
187 2008 311 2062 piacularis,
327 2023 371 2063 qua
387 2007 480 2051 Claudia
495 2022 550 2064 gens
566 2023 616 2051 sese
632 2023 645 2050 a
661 2010 729 2051 sacris
745 2022 785 2061 per
801 2021 884 2050 annum

101 2076 225 2118 commissis
249 2077 356 2130 expiaret,
381 2077 428 2118 iure
453 2078 626 2119 existimandum
651 2084 691 2119 est.
716 2076 785 2119 Genti
809 2083 884 2118 autem

100 2141 206 2186 Horatiae
237 2145 350 2198 proprium
375 2152 423 2187 erat
444 2146 555 2199 piaculum
578 2146 600 2187 in
625 2152 703 2187 monte
726 2145 801 2198 Oppio
825 2146 884 2198 apud
944 2144 946 2148 ⁴

100 2209 202 2265 Tigillum
225 2212 348 2264 Sororium,
372 2215 433 2268 quod
456 2214 547 2268 singulis
571 2214 634 2255 annis
655 2213 704 2255 Kal.
721 2212 884 2256 Octobr-lano

100 2277 197 2323 Curiatio
218 2288 241 2323 et
263 2281 341 2323 lunoni
364 2280 469 2324 Sororiae
493 2283 594 2333 dabatur,
618 2288 642 2323 ut
658 2281 753 2323 fratrum
768 2280 883 2322 Arvalium

99 2353 148 2388 acta
170 2355 287 2401 testantur,
313 2349 341 2393 cl.
365 2349 458 2391 Henzen
482 2349 530 2391 Act.
555 2350 594 2392 Fr.
614 2349 669 2391 Arv.
686 2363 707 2403 p.
724 2347 882 2392 CCXXXVIII.

99 2413 166 2467 Quod
187 2419 206 2459 si
221 2432 269 2460 rem
284 2419 386 2460 intimam
402 2420 544 2472 spectaveris,
561 2431 606 2460 non
622 2419 734 2461 dubitabis
751 2419 803 2472 quin
819 2418 883 2459 huius

98 2483 177 2534 piaculi
201 2500 268 2529 causa
292 2492 315 2528 et
337 2487 393 2529 ratio
416 2486 483 2529 fuerit
505 2501 568 2529 soror
592 2487 644 2529 olim
665 2488 687 2528 in
708 2487 801 2529 Horatia
816 2492 883 2541 gente

99 2593 195 2603 κῃ.

122 2665 139 2710 1)
152 2667 180 2703 Cf.
193 2670 294 2712 Wissowa,
314 2668 337 2702 R.
350 2669 388 2712 ΚΞ,
401 2680 419 2714 p.
433 2672 473 2712 162,
487 2681 504 2705 n.
519 2673 539 2710 2;
551 2668 626 2712 Rohde,
640 2669 714 2716 Psyrie,
727 2672 735 2706 l
747 2681 766 2714 p.
780 2672 820 2713 245,
835 2681 852 2705 n.
866 2674 881 2705 1.

97 2719 176 2768 Samter,
189 2725 246 2760 Arci,
255 2724 275 2771 f.
283 2724 344 2770 Reizga
356 2724 411 2762 Wiss.
419 2725 436 2759 X
449 2729 499 2768 1907,
507 2737 525 2771 p.
534 2729 568 2761 373
577 2736 614 2770 sq.;
625 2726 724 2769 Wissowa,
733 2725 813 2772 Araris.
821 2725 881 2771 Reir'g

99 2776 155 2831 ‘illisa
168 2780 201 2815 VH
214 2780 273 2824 1904,l
280 2792 297 2826 p.
312 2785 340 2824 ru
355 2781 408 2827 Otto,
421 2781 444 2815 Α.
452 2781 473 2816 L.
481 2781 502 2816 L.
517 2781 554 2816 XV
567 2784 618 2824 1906,
629 2792 647 2827 p.
656 2786 695 2817 114.
710 2782 780 2828 Quoad
794 2781 881 2818 Graecos

105 2827 244 2872 cflniliiisx
257 2839 291 2873 427
305 2837 326 2872 E.
