2051 3214
534 202 577 243 144

158 324 214 367 ratio
230 324 359 379 placatoria,
377 338 513 380 quamquam
530 333 553 369 et
568 327 655 381 piacula
671 334 694 370 et
709 328 880 382 procurationes
889 328 945 372 fiunt

157 392 186 435 ob
203 407 267 436 sacra
283 395 368 449 absque
385 394 438 437 dolo
455 395 514 437 malo
530 397 652 439 commissa
663 393 686 453 ¹),
704 410 786 453 magno
795 403 871 439 tamen
880 411 944 451 sepa-

157 468 234 504 rantur
250 463 384 505 discrimine.
400 462 458 505 Nam
474 463 561 516 piacula
577 465 720 508 immolantur
734 466 944 508 obsacraanimad-

158 544 223 572 versa
246 529 280 572 vel
304 530 383 573 saltem
407 531 551 587 aliquomodo
567 535 670 587 praevisa
693 534 753 576 nullo
770 535 864 577 deorum
881 534 945 589 signo

157 605 263 654 cogente,
280 600 380 655 prodigia
395 606 543 654 procurantur
559 602 588 643 ob
603 616 667 645 sacra
683 603 762 657 ignota
778 602 812 644 vel
820 601 901 644 oblivia
910 603 944 645 dis

157 667 211 720 ipsis
234 668 296 710 iratis
319 668 500 711 admonentibus.
525 668 549 711 Si
573 677 648 712 autern
672 684 749 713 verum
771 677 812 722 est,
825 671 944 725 piaculum

158 736 232 778 nativa
251 737 271 777 vi
287 736 315 778 nil
332 736 392 779 aliud
408 737 482 780 valere
498 738 540 779 nisi
553 739 673 792 plucuaieu
690 739 787 791 dearuru,
804 741 904 795 sequitur
920 748 945 784 ut

158 811 205 847 turn
229 804 316 858 piacula
339 819 372 857 ea,
396 806 418 847 in
443 806 523 860 quibus
540 812 588 849 tota
603 814 680 849 nostra
697 814 798 850 versatur
814 810 943 863 disputatio,

157 881 205 916 tum
228 875 397 928 procurationes
418 876 571 930 prodigiorum
593 877 702 919 dicendae
718 878 764 920 sint
779 877 863 932 species
878 867 943 920 unius

158 943 303 998 eiusdemque
315 943 408 997 grueria
423 943 510 997 piaculi.
526 944 611 987 Verum
627 946 650 987 id
667 947 727 1000 quod
743 947 833 1000 saepius
841 946 944 988 accidere

158 1011 222 1064 solet,
244 1012 267 1053 id
291 1012 358 1054 etiam
378 1012 417 1053 rhic
438 1012 529 1055 accidit:
552 1012 622 1055 altera
638 1014 725 1067 species
741 1027 825 1056 nomen
840 1014 943 1069 generale

154 1079 244 1134 piaculi
265 1079 305 1121 sibi
326 1080 440 1133 proprium
457 1080 577 1123 vindicavit
593 1088 660 1136 atque
675 1081 722 1124 κατ’
739 1078 812 1134 ἕξοχήν
825 1082 942 1136 piacuiuru

157 1148 272 1190 nominata
295 1155 340 1203 est;
365 1148 428 1191 alteri
452 1162 505 1192 vero
525 1150 608 1204 speciei
623 1149 731 1204 paulatim
747 1163 831 1193 nornen
847 1150 943 1204 speciale

154 1216 323 1271 procurationis
341 1224 376 1259 est
392 1218 494 1260 inditum.
512 1217 564 1269 Sed,
582 1219 642 1273 quod
658 1218 723 1260 facile
739 1218 875 1274 intelligitur,
891 1218 943 1261 licet

157 1286 179 1326 in
196 1284 313 1338 expiandis
329 1286 435 1340 prodigiis
448 1285 616 1340 procuratiauis
631 1299 715 1328 nomen
731 1286 819 1340 publice
827 1287 856 1329 sit
864 1299 943 1340 accep·
960 1336 961 1339 Ἴ

157 1360 205 1395 turn
221 1352 259 1410 (ci.
276 1353 496 1406 senatusconsultum
513 1354 606 1396 relatum
624 1353 724 1397 a‘Gellio
741 1354 770 1396 N.
786 1353 814 1396 A.
824 1353 862 1395 iv
877 1355 897 1396 6.
911 1352 941 1411 2),

157 1428 232 1463 tamen
255 1422 278 1463 in
301 1421 342 1467 hac
366 1435 456 1476 quoque
480 1436 503 1463 re
519 1436 586 1464 voces
599 1422 667 1476 piare
679 1422 797 1477 piaculum
811 1422 942 1476 piacularis

157 1502 279 1544 numquam
302 1490 324 1530 in
349 1503 391 1531 usu
414 1504 464 1532 esse
487 1491 608 1533 desierunt.
629 1483 750 1532 Formulae
770 1504 823 1532 vero
838 1490 941 1544 publicae

156 1557 237 1600 hostiis
249 1564 372 1611 procurare
376 1558 486 1613 prodigia
493 1560 525 1600 vis
534 1573 561 1600 ea
569 1558 621 1600 mihi
629 1559 704 1600 inesse
712 1559 811 1601 videtur:
821 1557 941 1612 faciendis

155 1626 236 1668 hostiis
248 1625 372 1680 providere,
389 1640 417 1669 ur
431 1625 468 1668 ira
484 1627 573 1668 dearuru
587 1626 703 1681 prodigiis
717 1626 853 1681 significata
862 1619 938 1681 araugis

156 1694 290 1736 exardescat
304 1701 370 1750 atque
384 1694 475 1749 efficere
490 1694 526 1736 uti
537 1696 648 1748 placatur.

186 1761 253 1816 Quod
277 1763 305 1804 ad
329 1763 383 1805 ritus
406 1769 494 1816 spectat
514 1770 582 1817 atque
598 1763 714 1815 solemnia,
732 1769 823 1805 constat
835 1776 939 1816 procura-

156 1831 229 1873 tiones
250 1843 387 1885 magnopere
410 1835 487 1873 auctas
511 1837 579 1885 atque
599 1837 697 1874 mutatas
718 1844 775 1882 esse,
795 1831 940 1873 incitantibus

155 1905 201 1941 tarn
218 1897 364 1941 Etruscorum
380 1912 447 1954 quam
462 1898 600 1941 Graecorum
609 1899 763 1941 caeremoniis.
772 1898 817 1952 Qui
825 1912 878 1940 vero
886 1899 940 1940 ritus

154 1967 176 2008 in
191 1967 338 2020 procurandis
354 1968 461 2022 prodigiis
478 1968 593 2010 restabant
605 1980 667 2009 mere
680 1967 778 2009 Romani
788 1963 813 2023 ²),
821 1967 881 2009 haud
889 1979 939 2008 raro

154 2035 279 2078 arctissime
292 2042 418 2090 congruunt
432 2049 482 2077 cum
497 2036 575 2078 ritibus
588 2035 716 2089 placatoriis
725 2035 812 2089 piaculi.
822 2034 939 2088 Quaedam

154 2110 229 2145 autem
246 2104 415 2157 procurationes
432 2111 484 2145 sunt
500 2105 593 2146 omnino
609 2104 642 2145 sui
658 2104 754 2158 generis.

184 2185 205 2213 a.
222 2171 272 2213 Non
289 2171 351 2214 aliter
367 2184 393 2213 ac
409 2173 432 2213 in
448 2171 557 2213 sacrificio
573 2171 685 2225 piaculari,
702 2184 769 2225 saepe
783 2172 939 2213 mactabantur

154 2241 282 2298 hostiae
304 2247 326 2282 et
348 2239 514 2282 lactentes
531 2247 554 2282 et
570 2241 717 2283 maiores.
734 2239 826 2281 Hostias
842 2239 938 2280 maiores

153 2322 207 2362 prae
230 2309 310 2350 ceteris
334 2321 384 2350 esse
408 2314 518 2350 mactatas
534 2321 579 2349 non
596 2313 630 2349 est
647 2308 707 2362 quod
724 2308 831 2349 miremur
841 2302 866 2363 ³),
882 2304 939 2347 Nam

153 2377 260 2431 prodigiis
275 2378 308 2418 ira
322 2378 416 2419 deorum
432 2377 586 2420 vehementius
603 2389 711 2430 apparere
727 2376 868 2418 credebatur.

109 2474 111 2476 .
155 2472 252 2479 --.-..-

155 2546 157 2549 >
178 2527 196 2572 1)
208 2528 257 2563 Nam
276 2527 311 2563 etsi
329 2537 476 2572 nonnumquam
495 2525 585 2572 prodigia
602 2525 675 2561 fiebant
691 2525 717 2560 ob
730 2535 786 2561 sacra
799 2536 810 2560 a
823 2525 937 2570 magistratu

154 2584 199 2620 dolo
220 2583 270 2619 malo
290 2584 398 2626 commissa,
418 2588 483 2619 tamen
503 2583 544 2627 ipsa
564 2593 594 2617 res
611 2581 691 2627 publica
711 2581 845 2627 imprudenter
864 2581 937 2625 absque

153 2640 200 2675 dolo
215 2639 266 2675 malo
279 2639 385 2684 deliquisse
398 2639 511 2681 ducebatur,
525 2638 549 2673 cf.
563 2649 582 2683 p.
595 2642 616 2673 87
630 2649 664 2683 sq..

177 2696 194 2742 2)
208 2695 237 2733 Cf.
255 2695 340 2738 Wiilker,
359 2695 387 2730 dir
403 2693 542 2742 geschichtlich
561 2693 696 2740 Eutaaickiuug
712 2693 743 2728 aas
761 2692 937 2739 Prodiguawesaa,

167 2780 170 2788 .
185 2756 208 2788 39
221 2763 256 2797 sq..

153 2764 195 2853 Ρ3)
208 2807 236 2843 Cf.
255 2806 342 2850 Wiilker,
361 2808 373 2842 l.
387 2808 405 2851 i,
423 2818 441 2853 p,
455 2811 488 2851 443
507 2807 646 2850 Luterbacher,
666 2806 700 2841 der
717 2804 885 2852 Prodigicugiaubc
897 2804 938 2840 aad

153 2863 288 2910 Prodiffliusiil
298 2863 332 2898 der
343 2863 417 2906 Rirucr,
429 2875 447 2910 p.
462 2866 490 2898 55.
