2051 3214
522 147 563 187 108

147 271 221 322 fiebat,
246 272 279 314 uti
303 272 404 323 uidimus,
428 278 481 315 ante
504 272 579 315 lucum
601 275 656 316 deae
677 273 733 315 Diae
749 274 771 315 in
788 264 857 325 aram,
875 287 934 328 quo

148 346 293 394 tempore
317 340 408 395 opifices
424 340 508 382 ferrum
524 355 564 396 per
581 341 655 384 lucum
671 343 693 384 in
709 341 789 383 aedem
805 341 933 384 inferebant

148 406 181 449 vel
203 421 233 449 ex
253 409 310 451 aede
325 409 482 462 exportabant.
499 409 587 463 Quodsi
604 410 839 452 commentariensium
854 410 933 452 verba:

148 476 171 517 ob
183 474 275 529 ferrum
291 476 397 527 inlatum,
414 477 439 518 ab
449 476 542 530 serrum
559 480 655 529 alatrum·
666 478 730 533 ferri
745 476 935 532 inserendijmi

148 544 270 598 efferenda}
280 543 373 598 ferrum
390 543 512 598 inserendi,
525 544 617 599 ferrum
634 545 755 600 efferenda]
771 546 795 587 ob
803 545 934 599 serriz'rtla-

148 612 235 662 tionem,
253 613 277 654 eb
289 612 353 666 ferri
368 612 485 654 elationem
502 620 588 656 attente
605 615 740 665 consideras
755 615 933 657 videbislactum

148 694 198 722 esse
213 681 282 723 modo
299 688 323 724 ut
338 680 426 736 piacula
442 682 604 734 praecederent
619 683 749 726 inlationem
765 697 805 737 per
821 683 896 726 lucum
911 684 933 725 in

148 750 228 791 aedem
244 749 417 803 elationemque,
434 751 504 792 modo
520 757 545 792 ut
557 750 599 793 illis
608 753 762 794 succederent.
770 751 838 805 Quod
846 765 891 795 non
901 758 935 794 est

148 818 286 860 mirandum:
303 825 424 872 utrumque
441 819 500 859 enim
517 825 565 861 erat
579 833 644 862 sacro
652 821 694 862 iuri
702 820 794 862 omnino
803 833 933 876 congruum,

98 934 99 937 Ἴ
148 889 200 942 quia
220 887 269 940 ipsa
289 887 368 929 horum
384 886 522 940 piaculorum
539 895 619 931 natura
635 890 656 931 vi
671 889 723 931 iuris
740 890 808 931 divini
822 889 845 931 id
861 887 933 931 solum

148 955 282 1010 expostulat,
300 964 324 999 ut
340 958 413 1010 ipsum
428 969 517 1011 sacrum
531 959 719 1001 committendum
728 958 865 1011 praecedant
874 969 934 998 com-

148 1026 263 1079 missoque
278 1026 408 1076 succedant,
425 1026 486 1079 quod
502 1038 591 1067 sacrum
609 1027 755 1069 commissum
771 1027 799 1068 de
815 1026 875 1068 facto
888 1037 933 1066 non

148 1100 182 1135 est
194 1092 271 1135 inlatio
284 1093 319 1135 vel
331 1093 404 1145 elatio,
414 1095 454 1136 sed
462 1094 511 1147 ipsa
519 1094 632 1147 sculptura
641 1095 765 1138 marmoris.
774 1094 838 1148 Quae
847 1094 934 1136 sirecte

148 1160 264 1215 explicavi,
281 1162 328 1204 iure
344 1162 405 1204 dices
420 1162 443 1203 ln
459 1163 520 1204 hisce
533 1163 589 1205 actis
598 1162 691 1206 fratrum
699 1162 814 1205 Arvalium
823 1160 902 1204 vocula
910 1160 934 1202 ob

148 1243 194 1273 non
210 1230 304 1272 indicari
319 1244 386 1285 qaam
403 1230 427 1271 ob
443 1244 543 1281 causam,
562 1231 602 1272 sed
615 1231 689 1284 potius
697 1244 739 1286 quo
748 1228 934 1285 ternporepiacula

148 1298 266 1340 marmoris
283 1298 391 1341 exarandi
407 1298 497 1351 fierent;
506 1299 548 1340 nisi
556 1299 579 1340 id
588 1300 724 1342 contendere
733 1299 810 1351 mavis,
819 1310 933 1341 commen-

146 1368 255 1410 tarienses
271 1367 409 1420 piaculorum
426 1367 470 1408 vim
486 1368 578 1409 omnino
594 1381 639 1409 non
654 1367 798 1419 Intellexisse,
807 1368 868 1422 quod
875 1366 933 1408 forte

148 1436 194 1477 veri
208 1434 300 1477 similius
317 1442 358 1479 est.
374 1435 432 1477 Nam
448 1436 502 1490 quid
517 1436 559 1478 sibi
575 1435 656 1478 vellent
672 1435 765 1490 piacula,
782 1449 832 1478 cum
842 1436 933 1477 arbores

148 1503 253 1556 delapsae
275 1504 298 1546 in
314 1504 364 1547 luco
374 1504 511 1547 *caedendae
528 1511 604 1547 essent
620 1505 802 1558 exportandaeve
819 1516 933 1546 commen-

147 1572 256 1614 tarienses
286 1573 378 1614 minime
402 1572 507 1614 habuisse
530 1579 680 1627 perspectum,
705 1573 737 1614 uti
759 1573 803 1614 iarn
829 1571 882 1622 dixi,
904 1585 933 1613 ex

147 1641 202 1682 actis
217 1640 272 1694 ipsis
289 1640 386 1683 dilucide
402 1646 465 1693 patet
473 1637 497 1697 1).

176 1708 261 1759 Restat,
279 1716 304 1751 ut
319 1709 373 1763 ipsis
387 1709 460 1750 verbis
476 1709 575 1760 afferam,
592 1709 645 1763 quid
654 1707 863 1762 Bouche-Leclercq
872 1703 896 1763 ²),
906 1708 934 1749 de

146 1770 208 1819 hisee
232 1777 345 1820 sacrificiis
362 1777 455 1819 sentiat:
475 1776 518 1830 „Ca
532 1783 584 1818 sont
598 1778 638 1818 des
652 1776 768 1830 sacrifices
784 1777 811 1818 de
822 1777 897 1831 ‘porca
913 1782 935 1816 et

147 1858 209 1899 agna
234 1845 313 1899 opirrro’
333 1853 393 1901 pour
404 1845 506 1899 prtrzfirr
522 1852 599 1895 evniat,
617 1844 715 1900 e'lorgner
730 1845 797 1899 apris
813 1846 845 1887 les
861 1843 931 1886 antiis

147 1913 174 1955 de
184 1911 231 1966 ser,
248 1913 289 1968 qui
303 1913 420 1957 servarent
434 1913 480 1955 soit
494 1914 508 1954 d
524 1920 603 1968 conpar
618 1915 638 1956 le
653 1914 706 1963 bois,
724 1913 790 1955 sellai
797 1926 884 1968 graver
890 1926 932 1954 sur

147 1983 167 2022 le
182 1982 271 2023 rrrarbre
285 1983 318 2024 les
334 1988 394 2024 actes
406 1982 438 2023 du
451 1978 552 2036 collega&
567 1981 689 2025 Contendit
696 1983 763 2036 igitur
771 1989 817 2024 tam
826 1982 932 2023 arborum

146 2050 313 2092 caedendarum
336 2063 404 2105 quam
427 2050 551 2103 scripturae
573 2050 745 2104 sculpturaeque
761 2050 848 2104 piacula
864 2048 932 2091 luisse

146 2117 299 2168 lustrationes,
314 2132 363 2161 non
379 2118 443 2160 aliter
458 2125 525 2173 atque
540 2117 582 2160 luci
600 2119 667 2161 etiam
683 2118 808 2161 collacandi
820 2117 932 2160 sacrificiis

171 2254 189 2297 1)
202 2252 283 2288 Ferrum
303 2252 390 2288 Romano
409 2251 448 2287 ritu
467 2251 578 2288 excluditur
593 2263 604 2287 a
617 2253 683 2296 sacris,
696 2251 719 2287 cf.
732 2251 797 2298 legem
810 2252 932 2294 Furfensem,

148 2308 165 2344 C.
179 2309 196 2344 I.
208 2308 230 2344 L,
242 2308 269 2343 IX
282 2311 329 2343 3513
342 2308 370 2354 (=
377 2307 453 2350 Brunsss,
467 2318 485 2352 p.
499 2306 541 2352 261)
546 2318 551 2351 ;
564 2308 644 2354 Dionys.
654 2308 773 2350 111453121111.
782 2308 807 2342 N.
815 2307 840 2342 H.
848 2307 932 2343 XXXVI

147 2369 190 2408 100;
210 2364 295 2400 Macrob.
308 2364 346 2402 Sat.
360 2364 378 2398 V
391 2367 407 2400 9.
422 2367 443 2398 11
457 2368 520 2408 et133
540 2363 593 2399 Serv.
607 2365 631 2400 ad
644 2364 716 2410 Vergil.
730 2363 775 2399 Aen.
789 2364 797 2399 I
810 2368 857 2405 448;
874 2363 931 2400 Ovid.

146 2421 198 2456 Fert.
211 2420 237 2456 VI
250 2424 296 2464 2303
316 2420 357 2456 Cat.
377 2419 398 2454 de
416 2430 458 2465 agr.
473 2424 507 2455 140
526 2419 626 2465 (fodiendo
646 2420 698 2456 enirn
707 2419 764 2466 ferro
778 2423 829 2455 terra
842 2419 932 2455 movenda

146 2481 177 2522 ast,
196 2482 217 2513 ut
236 2478 295 2513 docet
314 2478 423 2515 Columella
435 2476 463 2511 XI
475 2480 492 2514 2.
506 2477 541 2520 95).
556 2477 615 2523 Quod
628 2479 652 2514 ad
665 2473 779 2523 religionem
792 2476 893 2522 privatam,
907 2477 930 2512 cf.

146 2535 193 2570 Plin,
213 2534 238 2568 N.
252 2533 278 2568 H.
298 2534 362 2570 XXIV
376 2537 403 2569 12.
423 2533 482 2580 Quod
502 2532 526 2569 ad
545 2532 666 2570 Graecorum
685 2533 759 2570 cultum
772 2533 796 2568 cf.
809 2533 858 2569 Plut.
867 2534 931 2578 praec.

144 2600 185 2636 ger,
205 2588 234 2624 ra*
247 2588 298 2634 publ.
318 2593 352 2635 263
372 2590 416 2625 Isid.
439 2588 492 2636 Orzg.
510 2589 553 2625 VIII
567 2593 594 2627 11.
607 2589 642 2631 66;
654 2590 702 2626 Plin.
715 2589 740 2625 N.
755 2588 781 2623 H.
795 2589 878 2624 XXXVI
891 2593 930 2625 100.

146 2648 176 2683 Eo
194 2646 255 2692 magis
273 2647 382 2682 mirandum
402 2650 432 2681 est
450 2645 550 2691 secespitae
570 2645 640 2691 quibus
659 2646 746 2682 flamInes
765 2646 836 2691 aIIIque
849 2646 931 2682 uteban-

146 2709 177 2739 tur
196 2701 220 2739 ad
234 2703 387 2746 sacrificandum,
401 2703 474 2739 ferreas
494 2703 559 2744 fuisse,
579 2702 603 2738 cf.
616 2703 668 2739 Fest.
682 2703 701 2738 M
714 2705 748 2738 348
761 2702 778 2737 L
791 2705 830 2745 472,
843 2701 895 2738 Paul.
909 2702 928 2737 M

146 2763 180 2797 349
193 2759 210 2795 L
223 2761 263 2794 473.
276 2758 326 2794 Vide
339 2759 427 2802 Hemen,
440 2758 451 2795 l.
464 2758 483 2801 L,
496 2769 514 2804 p.
529 2761 568 2793 132.

170 2816 187 2861 2)
200 2815 418 2862 Daremberg-Sagno,
432 2815 456 2851 III
470 2818 504 2851 416
517 2814 529 2850 ι’.
543 2825 561 2849 v.
575 2815 668 2853 lustratio.
