2051 3214
468 163 495 205 27

4 288 24 340 sj
92 313 148 357 quae
171 295 220 338 voci
236 292 327 348 piaculi
342 291 385 332 vim
402 290 475 332 inesse
491 289 621 343 placationis
638 290 697 333 clare
715 290 878 340 demonstrant,

5 368 18 415 s
92 372 147 411 haec
164 370 227 406 sunt:

0 464 10 485 7,
122 434 198 477 Horat.
214 429 287 484 Epist,
304 428 312 470 I
331 430 349 471 1.
365 428 394 470 36
410 432 466 468 suut
480 432 540 469 caula
552 426 655 482 piacula,
672 440 729 481 quiae
743 433 764 468 te
778 432 812 468 tau
821 433 880 481 pure

0 504 15 546 {zx
92 506 144 547 lactc
157 504 265 555 pctccuul
278 509 377 539 recreare
392 494 466 537 libella
482 494 519 551 (z
528 496 640 538 orationes
656 493 799 549 placatoriae)
811 490 836 551 ¹).

121 572 169 614 Liv.
189 566 238 610 VIII
253 567 275 609 9.
293 567 321 607 10
339 563 457 618 piaculum
474 564 546 605 cuuis
562 564 653 606 accrum
670 562 724 613 uae,
742 563 783 618 qui
794 569 879 617 pesluu

3 608 16 638 η’
92 640 120 683 ab
134 637 185 680 suis
200 647 305 677 aucusacu
321 632 346 674 iu
362 631 434 673 uastas
445 630 525 685 ferrat,
541 632 563 673 X
579 633 614 673 28.
633 633 660 672 13
669 630 749 672 autuu
758 631 796 673 lccc
805 637 879 674 austro

90 705 170 763 geuueri
184 709 223 754 csl,
239 708 267 743 ut
281 699 372 743 luaudis
384 699 494 754 pecualis
506 699 606 754 publicis
618 699 714 754 piacula
730 699 815 741 siucus:
832 699 878 741 iaiu

23 767 28 825 s
92 789 130 831 cga
145 786 227 833 uacuiu
243 769 340 812 lastiucu
353 768 451 829 lcgicues¹
463 769 599 811 ucactaudas
614 768 635 810 T
632 768 701 811 elluu'
714 781 740 809 aa
752 768 789 810 a'is
802 767 879 810 Muui-

93 845 134 885 bus
149 841 212 891 daha,
230 838 290 880 XXII
305 839 326 881 9.
343 836 356 877 7
372 850 470 891 quaeque
481 836 577 891 piacula
594 837 642 879 icae
658 836 723 878 deuia
740 842 819 878 assuat.

122 909 192 952 Tacit.
216 906 275 949 Auu.
300 905 309 946 I
325 906 354 948 49
370 905 449 959 cupida
466 904 583 947 iuuolabac‘
597 904 668 946 cuucli
683 903 707 946 iu
723 903 813 955 kasleu,
827 903 879 958 pia-

92 980 165 1022 culucu
184 974 276 1029 furaris
299 976 332 1025 (ut
352 972 413 1015 furor
434 972 578 1026 placaretur);
599 972 660 1015 Hisl.
677 972 685 1013 I
702 973 730 1014 58
747 972 838 1014 iuteriiu
855 978 881 1013 ut

9 1038 17 1072 1
91 1045 208 1102 piaculuu
225 1042 320 1084 obicitur
335 1041 433 1083 acuturic
451 1039 572 1096 Crispinus
588 1040 628 1097 (sc.
646 1040 739 1084 miiitum
756 1039 819 1094 irae).

120 1111 215 1155 Iuvenal.
239 1110 279 1152 XII
296 1110 338 1152 120
356 1108 452 1161 furtiva
464 1108 559 1163 piacula
575 1122 652 1151 carcaa
668 1107 706 1165 (ad
723 1108 816 1151 Dianam
833 1101 878 1162 pla-

94 1180 203 1232 candam).
546 1217 548 1230 Ἰ,

122 1248 177 1292 Stat.
194 1245 276 1289 Acila.
292 1245 301 1287 I
317 1247 360 1289 139
376 1245 459 1300 ignotis
475 1245 587 1288 lcarueuda
591 1245 686 1300 piacula
695 1245 757 1288 diuis
765 1246 878 1301 dauaque;

95 1318 158 1361 Tull.
174 1316 195 1357 X
211 1315 254 1358 799
270 1328 310 1356 ucs
324 1326 393 1357 saeva
405 1313 499 1367 piacula
515 1314 570 1356 balla
586 1314 671 1355 daucus.

123 1385 222 1428 Macron
246 1383 294 1426 Sat.
318 1383 377 1424 111.
393 1382 422 1425 49
442 1388 484 1436 pua
507 1395 531 1423 sc
551 1388 618 1437 atquc
638 1382 688 1424 suis
705 1381 824 1437 piaculum
837 1388 878 1436 pua

93 1452 147 1495 Dite
156 1485 161 1496 .
171 1485 175 1494 .
186 1482 192 1493 .
203 1451 314 1506 facercut.

121 1520 189 1563 Paulo
212 1520 283 1571 latius,
307 1520 329 1561 in
353 1518 476 1572 simplicem
496 1517 609 1572 sacrificii
629 1519 751 1570 notionem,
769 1533 814 1561 vox
825 1518 878 1574 pia-

92 1588 139 1630 culi
161 1588 260 1630 manavit
280 1588 302 1629 in
318 1587 379 1629 hisce
394 1585 489 1629 Ausonii
505 1593 527 1628 et
543 1586 674 1629 Tertuiliani
689 1587 774 1630 verbis:
790 1586 877 1631 Auson.

92 1656 171 1711 Epigu
192 1656 234 1698 106
249 1652 318 1712 (108),
335 1668 355 1708 p.
372 1654 414 1697 351
432 1669 452 1698 v.
470 1657 497 1699 19
513 1654 591 1708 Peiper
611 1661 633 1696 al
646 1654 701 1710 quia
717 1655 825 1698 debeatur
839 1670 877 1697 su-

89 1730 168 1779 praua
188 1723 283 1778 piacula
303 1723 375 1774 uilac;
396 1722 600 1778 Tertull.pcacscu.
616 1725 646 1766 40
663 1721 732 1780 (1167
749 1721 788 1780 M.)
805 1724 876 1766 sucii-

89 1791 195 1846 ficicuuiu
211 1797 233 1834 ct
243 1791 385 1845 piaculauuuc
401 1797 535 1835 auctarum
552 1791 700 1837 curiositatis.

122 1860 167 1902 Iam
195 1866 261 1902 antea
289 1859 359 1902 lector
387 1873 428 1902 nos
452 1861 579 1902 ostendisse
601 1861 729 1902 meminerit
752 1860 877 1903 locutiones

93 1941 170 1970 iuauas
191 1928 277 1983 piaudi
299 1942 325 1970 ac
348 1941 426 1970 cuauas
445 1928 557 1982 placaucli
579 1929 673 1970 eandem
697 1929 741 1970 vim
757 1929 839 1970 habere
856 1936 878 1971 et
932 1972 934 1975 ,

92 1996 282 2051 significationem.
306 1996 410 2050 Sequitur
435 2003 458 2038 ut
476 1995 573 2055 piacula
597 2009 654 2051 quae
678 1997 781 2038 manibus
802 1996 878 2039 inferri

93 2064 212 2117 scriptores
232 2071 318 2107 veteres
340 2071 437 2116 narrant,
454 2077 499 2106 non
516 2065 558 2106 nisi
574 2065 672 2106 manium
685 2065 819 2119 placauiua
834 2066 878 2108 sint

92 2132 202 2185 habenda,
219 2147 239 2174 e.
248 2145 281 2188 g.:

124 2199 206 2255 Vergil.
229 2200 285 2243 Aca.
307 2200 337 2242 VI
354 2201 395 2243 153
417 2201 460 2242 duc
476 2200 558 2255 ucgrras
570 2201 680 2254 pecudem
695 2215 722 2243 ea
734 2201 813 2256 priua
826 2201 878 2256 pia-

93 2268 145 2309 cula
160 2275 227 2311 suulc
236 2265 259 2319 ²).

123 2334 188 2379 Ovid.
204 2337 257 2380 Mal.
274 2337 305 2378 VI
321 2337 365 2379 569
375 2336 491 2391 falsisque
503 2337 599 2391 piacula
616 2336 721 2379 uauibus
738 2337 817 2391 iufcut.

122 2402 171 2446 Vai.
195 2403 254 2446 Max.
280 2405 309 2446 IX
325 2406 376 2446 2.2
401 2404 427 2447 ia
449 2405 507 2446 cuiiu
530 2405 640 2446 uacuum
664 2405 805 2447 iuiscruiiuac
826 2412 878 2457 tuuc

92 2469 228 2525 reipublicae
251 2473 333 2523 dccccl,
359 2478 386 2513 ut
413 2471 479 2514 Vario
504 2470 589 2514 Cacsar
608 2471 700 2526 piacula
723 2474 813 2515 caderet
827 2474 876 2525 (ie.

93 2537 115 2578 in
132 2540 197 2581 busto
214 2540 275 2581 Varii
291 2541 353 2594 quasi
369 2540 480 2594 piaculum
497 2542 646 2591 mactaretur).
834 2580 837 2589 ,

123 2605 206 2650 Lucan.
224 2608 255 2649 IV
271 2608 314 2651 789
326 2607 394 2662 fciat
409 2607 454 2650 ista
470 2614 577 2656 ccuautus
593 2607 713 2651 Hauuibal
727 2598 877 2652 ctPacuitucu

93 2708 190 2717 ᾖ.-

117 2762 134 2808 1)
147 2765 175 2801 cf.
190 2766 271 2810 Gemoll,
285 2766 320 2801 Dic
334 2765 410 2800 Raulica
424 2765 452 2800 ul
463 2765 535 2809 Halai
548 2766 574 2801 IV
587 2778 606 2813 ps
619 2769 647 2801 47.

117 2819 134 2864 2)
148 2822 202 2868 Quae
216 2822 294 2859 Servius
308 2824 332 2860 ad
346 2823 397 2859 hunc
411 2822 477 2858 locum
490 2823 596 2865 annotavit,
610 2823 673 2859 minus
686 2828 740 2860 recta
754 2828 804 2860 sunt.
