2051 3214
475 110 504 152 39

100 241 173 299 piatio.
196 235 293 278 Violatio
318 235 376 276 enim
397 234 454 275 intra
474 248 537 276 sacra
553 234 656 286 admissa
672 235 753 277 iterato
769 234 877 277 sacrificio

15 303 28 332 Ὗ
100 311 132 354 vel
155 305 260 350 solemnis
282 305 339 347 sacri
361 303 528 355 instauratione,
550 304 581 346 uti
601 303 658 345 infra
675 303 744 346 fusius
761 303 879 358 explicabi-

99 392 154 428 mus,
170 375 267 430 legitimo
282 374 329 414 iure
344 372 423 426 piatur,
440 385 506 426 quem
523 373 613 427 quidem
629 373 704 426 piandi
720 373 812 415 modum
826 371 877 414 iuris

99 445 165 491 divini
180 442 244 497 periti
259 442 349 495 proprio
366 440 474 483 vocabulo
487 440 582 482 meum
591 441 750 483 succidaneam
759 447 781 482 et
790 440 877 482 iustuu-

97 512 204 558 rationem
229 522 308 551 vocare
330 508 439 552 solebant.
462 508 559 551 Violatio
575 516 650 551 autern
667 510 720 551 iuris
736 516 800 552 extra
815 522 878 551 sacra

99 581 223 629 commissa,
239 577 369 632 plerumque
384 577 458 620 hostia
473 577 579 631 piaculari
594 578 702 631 piabatur,
719 579 779 632 quod
788 578 877 633 quidem

11 638 12 641 Ἴ
28 675 29 678 =
98 648 227 693 sacrificium
243 652 295 699 apte
307 646 424 700 piaculum
441 645 553 687 commissi
569 645 679 700 appellare
695 659 761 699 posse
769 647 876 695 videmur,

29 717 33 722 ”
98 716 202 771 spectatis
226 715 356 768 praesertim
380 714 406 755 iis
429 727 486 768 quae
509 714 576 756 habet
599 713 666 756 schol.
690 715 718 756 ad
739 714 818 756 Horat.
836 702 877 756 Od.¹

0 766 6 813 s
16 804 27 833 χ
98 787 106 828 Ι
122 787 156 827 28.
173 784 202 825 34
219 782 313 837 pc'uculu
329 781 461 823 dicebantur
477 779 579 838 (cosme)
595 781 676 837 quibus
686 780 784 835 fuciuus
800 782 876 836 cupiu-

98 854 164 895 batur
179 850 325 893 commissum.

126 920 200 973 Quare
221 919 248 960 dc
259 919 351 973 piaculo
366 918 428 960 sacri
443 918 471 959 ub
487 918 627 972 c'mpuudmtc
642 918 690 960 sc've
704 918 817 961 commissi
831 918 878 960 sue

99 985 251 1030 'committendi
273 999 331 1027 nunc
355 985 419 1028 latius
443 986 581 1040 disputaturi,
605 987 701 1039 primum
725 987 825 1029 dicemus
848 986 876 1027 de

95 1056 184 1111 piaculo
205 1053 322 1104 commissi,
344 1054 424 1096 deinde
440 1055 468 1095 de
484 1053 557 1095 lmstc'u
572 1053 706 1096 succiduum
723 1061 744 1097 et
760 1055 875 1096 motuum-

98 1124 161 1174 tc'ouc‚
179 1123 275 1176 denique
290 1116 318 1164 de
333 1121 407 1163 tastu
418 1122 577 1176 pruccc'dcucu.

335 1273 350 1303 1.
384 1278 411 1305 DE
426 1277 515 1306 PIACULO
532 1277 637 1324 COMMJSSI.

127 1383 157 1424 Ut
180 1397 193 1424 a
216 1396 239 1423 re
260 1382 321 1435 gravi
341 1381 425 1423 initium
442 1380 529 1431 faciam,
546 1381 589 1422 iam
606 1381 658 1422 inde
671 1382 701 1427 ab
717 1379 874 1436 antiquissimis

97 1451 232 1503 temporibus
256 1449 343 1503 piaculo
358 1456 411 1491 tuuc
426 1450 499 1500 fiebat,
517 1438 568 1491 cum
583 1449 632 1503 quis
648 1449 744 1504 aliquem
764 1450 874 1504 impru-

98 1519 174 1559 dens
198 1519 376 1560 occiderat.
400 1517 490 1559 Servius
514 1517 536 1558 in
559 1515 641 1571 Vergil.
665 1517 712 1560 Ecl.
728 1517 759 1558 IV
775 1518 804 1560 43
820 1518 874 1560 haec

97 1587 209 1628 annotavit
233 1586 257 1628 c'u
280 1585 369 1628 Numuc
384 1584 471 1639 legibus
485 1592 576 1627 cuutum
592 1590 630 1635 cst,
648 1591 675 1626 uc
688 1585 711 1644 sc'
724 1585 775 1640 quis
792 1586 874 1640 impru-

96 1654 151 1695 dcus
173 1653 289 1696 occidisset
311 1653 426 1703 mmmm,
444 1659 486 1707 pro
506 1653 578 1708 cupite
594 1653 660 1695 occc'sc'
675 1653 769 1708 uguucc's
786 1654 834 1696 cius
849 1654 874 1696 c'u

96 1718 221 1777 coutioue1)
236 1721 326 1775 efferum
340 1720 437 1772 arictum,
455 1727 476 1762 et
492 1722 514 1762 in
530 1721 612 1776 Vergil.
633 1719 709 1776 Georg‚
718 1721 745 1762 ΙΙΙ
753 1721 796 1764 387
812 1723 875 1776 upud

96 1789 190 1831 mames
217 1788 333 1831 lcomc'cc'dc'c'
357 1795 451 1843 pocuum
474 1788 558 1831 uouc'us
581 1788 661 1831 umetis
683 1790 766 1832 dumuo
790 1783 871 1842 luebat,

95 1857 154 1910 quod
167 1857 190 1899 c'u
207 1871 284 1912 regum
300 1857 387 1912 legibus
402 1857 492 1911 legum.
509 1856 582 1910 Quam
595 1858 690 1899 hostiam
700 1857 873 1900 nonnullisacri-

95 1923 167 1965 ficium
184 1926 288 1967 vicarium
304 1939 353 1967 esse
369 1926 533 1975 existimabant,
551 1932 609 1967 teste
626 1925 693 1968 Festo
707 1925 730 1967 M
746 1926 874 1969 351L476

96 1992 196 2046 subigere
218 1993 309 2035 ucictcm
333 1993 358 2035 iu
382 1993 453 2035 codem
477 1994 532 2036 libro
555 1993 673 2036 Antistius
695 2008 742 2036 csse
764 1995 800 2036 uit
819 1994 874 2036 dure

96 2060 192 2112 um'ctcm,
215 2061 256 2116 quc'
273 2068 315 2117 pm
336 2075 360 2103 sc
382 2068 472 2116 agutur,
496 2062 609 2104 cucdutuu.
632 2062 695 2115 Quae
711 2063 730 2126 si
746 2069 799 2105 sunt
815 2076 872 2114 vera,

96 2128 174 2169 merito
190 2128 312 2183 colligimus
328 2131 420 2174 arietem
436 2130 543 2183 principio
559 2129 627 2171 fuisse
641 2130 757 2183 placamen
772 2130 873 2172 manibus
934 2152 935 2156 =

96 2196 169 2237 occisi.
193 2195 330 2250 Quibuscum
355 2205 479 2252 congruunt
503 2212 529 2240 ea
550 2212 606 2252 quae
626 2199 685 2241 idem
709 2198 789 2241 Festus
806 2199 873 2246 habet

95 2261 118 2302 M
133 2262 176 2304 347
193 2265 211 2305 L
227 2264 271 2307 470
289 2265 366 2320 subigi
380 2263 451 2322 urfica
466 2266 557 2317 dicitur,
574 2266 614 2322 qm·
625 2273 667 2320 pro
680 2266 747 2309 muso
759 2264 839 2323 datur]
848 2264 871 2322 ²),

95 2332 153 2384 quod
163 2332 197 2385 fit
211 2339 237 2374 ut
251 2332 287 2374 uic
303 2332 394 2375 Cmcm's
409 2330 444 2389 [iu
457 2333 513 2376 libro
526 2334 553 2376 dc
566 2333 643 2387 osficc'o
663 2331 731 2390 cums]
740 2331 757 2390 ³)
770 2334 871 2385 cmcsultc',

96 2401 192 2453 exemplo
212 2398 392 2457 Atllccm'cusc'um
413 2402 476 2456 apud
490 2400 553 2459 quos]
562 2399 578 2457 t)
595 2402 705 2456 cupiarum·
716 2402 797 2457 gratio
813 2403 873 2445 ories

95 2464 231 2525 mu[ctutuc].
256 2468 312 2511 Cum
337 2476 411 2511 autem
436 2477 530 2521 constet,
547 2471 578 2512 uti
594 2478 673 2524 postea
690 2472 718 2514 de
733 2471 806 2514 succis
817 2477 872 2526 pru-

96 2552 192 2560 ——..

118 2601 135 2646 1)
148 2602 264 2639 Emendavit
275 2602 369 2638 Huschke
381 2614 417 2649 pro
430 2606 447 2638 ct
458 2603 507 2638 crutis
519 2603 561 2651 cius(
570 2602 589 2638 iu
601 2603 687 2641 cautium.

149 2657 214 2704 Suppl.
228 2659 247 2695 C,
261 2659 283 2697 Ο.
296 2659 381 2695 Mueller.
459 2659 461 2661 ’

146 2713 212 2761 Suppl.
225 2716 315 2759 Lindsay.

130 2768 135 2813 l
149 2769 214 2816 Suppl.
228 2772 317 2819 Scaliger.
