2051 3214
456 144 483 187 77

81 276 155 322 neis.
180 272 210 315 Ut
235 272 293 314 enim
310 270 340 312 illi
356 271 449 313 deorum
466 271 516 322 iras,
532 272 554 313 in
570 284 625 327 quas
642 283 707 312 sacro
722 282 762 323 per
777 270 860 324 impru-

19 343 20 346 ’
81 343 178 390 dentiam
194 341 316 383 commisso
332 352 374 381 nec
389 346 468 393 postea
476 340 631 382 animadverso
639 340 752 389 incurrere
760 345 861 391 possent,

80 416 123 457 iam
138 416 190 453 ante
206 408 320 463 placarent
337 408 503 462 expiemurque,
520 408 641 462 antiquitus
650 407 694 449 iam
703 405 789 448 uestrae
793 412 859 461 prae-

80 480 186 524 eidaueae
209 490 266 531 quae
289 476 427 518 vocabantur
451 483 502 518 sunt
525 476 646 527 institutae,
670 487 727 530 quae
749 474 775 515 iis
791 475 859 516 sacris

80 546 261 599 solemnibusque
277 544 399 586 maioribus
415 545 581 596 antecederent,
597 545 620 585 in
636 543 716 598 quibus
728 543 861 598 peragendis

2 655 6 672 ,
81 615 143 660 facile
167 627 230 656 sacra
253 613 281 655 ab
304 612 446 666 imprudente
466 625 507 655 nec
527 612 718 655 animadvertente
734 611 860 653 committe-

12 729 13 732 ,
80 690 166 734 rentur;
191 682 220 724 de
243 681 323 736 quibus
347 680 443 735 loquitur
467 680 550 723 Gellius
573 680 602 723 N.
619 679 646 722 A.
663 678 694 721 IV
709 678 759 721 6.7
783 678 859 721 eadem

80 757 152 795 auteur
172 749 260 792 ratique
279 749 341 791 verm·
357 748 528 804 praecidaneae
544 762 628 804 quoque
642 747 729 789 msam
743 747 857 798 diereutur,

80 832 135 876 puae
157 824 209 860 aute
231 817 349 872 sacrificia
372 818 480 860 salemum
500 817 578 872 pridie
592 817 724 867 eaeduutur,
741 823 763 858 et
778 815 859 857 Paulus

12 922 14 949 3
79 889 101 931 M
117 888 160 930 223
176 886 195 928 L
211 886 255 929 250
268 886 420 940 praecidaneae
436 900 498 941 agua
513 885 641 937 uocabatur,
657 898 714 939 puae
729 890 782 926 aute
798 884 859 926 alias

79 956 217 1000 caedebatur.
254 954 256 958 ’

109 1091 211 1134 Alterum
242 1091 441 1145 praecidaneorum
473 1105 544 1147 genus
575 1098 610 1134 est
635 1091 858 1146 agricolarum

79 1173 174 1215 porea
205 1160 431 1214 praecidanea.
462 1160 532 1203 Multa
555 1161 614 1202 enim
638 1161 772 1203 rusticorum
796 1167 859 1202 erant
915 1171 918 1176 ’

79 1241 177 1280 munera,
208 1229 230 1269 in
261 1229 342 1283 quibus
373 1228 437 1271 facile
460 1230 488 1271 ab
511 1220 654 1283 imprudente
677 1229 859 1271 committebatur

79 1296 195 1350 piaculum.
212 1295 288 1349 Quare
303 1298 325 1338 in
341 1297 538 1351 praecidanearum
554 1309 648 1339 numero
662 1303 859 1351 eaquoquepureu

75 1364 226 1419 praecidauea
255 1371 288 1406 est
315 1365 425 1417 habenda,
452 1379 509 1420 quae
533 1366 561 1407 ab
585 1366 687 1421 agricolis
711 1367 858 1416 mactabatur,

53 1428 54 1431 ’
78 1438 197 1487 antequam
222 1434 293 1476 varias
317 1433 392 1489 fruges
416 1435 550 1486 conderent;
575 1435 603 1476 de
624 1448 669 1489 quo
690 1433 798 1477 sacrificio
813 1435 858 1489 agit

79 1498 134 1542 Cato
150 1500 178 1542 de
193 1501 263 1555 agric.
281 1502 325 1544 134
336 1502 472 1557 priusquam
487 1501 577 1544 messim
589 1501 672 1556 facies,
686 1508 777 1557 pureum
790 1508 857 1557 prae-

1 1614 2 1619 *
78 1567 195 1611 eidaueam
218 1568 257 1611 lme
279 1570 341 1611 mado
353 1569 411 1624 fieri
426 1576 520 1625 opertet:
538 1568 612 1612 Cereri
623 1577 692 1624 parea
705 1570 858 1624 praecidauea

8 1656 9 1659 ¹
74 1635 244 1689 poreafemu'uu
256 1638 390 1692 priusquam
405 1638 472 1680 uasee
482 1638 567 1693 fruges
580 1639 670 1689 caudas,
682 1637 733 1692 far,
748 1637 855 1689 triticum,

78 1702 189 1756 hordeum,
200 1704 291 1759 fabam,
307 1719 381 1748 semeu
396 1707 510 1761 rapueram
517 1719 523 1756 ;
539 1706 647 1748 turemua
655 1705 711 1748 Imm
719 1705 767 1748 Iovi
776 1706 859 1748 queru‘

75 1771 344 1829 praepatapm‘usquam
364 1780 456 1829 parcum
472 1773 586 1830 semmam
602 1773 727 1816 immolabis.
744 1773 857 1829 (Sequitur

78 1840 131 1882 ritus
155 1833 221 1883 struis
244 1842 296 1884 ferti
319 1843 362 1884 vini
386 1843 495 1885 offerendi
515 1842 689 1898 Iovi'lanoque.)
707 1842 789 1884 ...aba¹
804 1849 857 1884 eata

34 1958 35 1962 Ἰ
74 1912 176 1960 prosecta
191 1916 263 1960 eruut,
279 1909 334 1951 [auu
349 1916 433 1952 struem
450 1917 565 1953 umumveto
575 1944 578 1952 .
587 1944 603 1952 ..
621 1910 670 1953 Iovi
680 1910 769 1964 fertum
778 1924 856 1952 muue-

77 1982 123 2017 veta
133 2009 137 2017 .
147 2008 167 2019 ..
184 1978 236 2020 r'e‘em
252 1978 307 2021 Iaua
323 1978 401 2021 viuum
417 1978 470 2021 datu
487 1985 509 2021 et
522 1979 571 2021 Iovi
585 1978 663 2021 viuum
679 1979 732 2020 aare
742 2012 745 2020 .
754 2012 758 2020 .
767 2010 771 2020 .
777 1985 856 2034 pastea

80 2042 154 2086 Cereri
168 2052 221 2087 eata
237 2052 259 2088 et
272 2046 351 2089 viuum
367 2047 425 2089 date.

106 2111 168 2154 Haec
191 2120 266 2156 autem
289 2116 438 2168 praecidanea
458 2129 526 2169 porca
542 2116 633 2158 omnino
650 2115 808 2170 distinguenda
823 2123 857 2158 est
893 2149 895 2151 ψ

79 2180 106 2220 ab
122 2179 158 2222 illa
173 2183 328 2234 praecidanea,
345 2184 373 2226 de
389 2198 433 2239 qua
449 2198 516 2238 supra
529 2184 613 2239 egimus
626 2184 648 2225 in
657 2183 790 2237 explicando
799 2185 856 2226 sacri

78 2248 192 2290 commissi
215 2249 308 2303 piaculo,
331 2251 358 2293 cf.
375 2265 396 2305 p.
412 2253 449 2296 41.
465 2252 503 2294 Illa
518 2253 577 2294 enim
593 2252 732 2294 mactabatur
748 2253 777 2294 ob
793 2265 856 2294 sacra

77 2313 120 2356 iam
144 2318 271 2371 commissa,
295 2332 345 2361 cum
369 2320 418 2373 quis
442 2320 536 2363 mortuis
551 2320 608 2362 iusta
624 2333 669 2362 non
686 2320 784 2372 dederat,
801 2321 856 2363 haec

77 2395 129 2424 vero
152 2385 239 2438 piacula
262 2385 321 2429 forte
344 2388 505 2431 committenda
528 2388 617 2441 respicit
628 2385 650 2440 ¹).
674 2387 743 2430 Multa
759 2390 817 2431 enim
833 2391 855 2431 in

77 2462 150 2494 messe
181 2452 283 2496 facienda
314 2454 459 2510 frugibusque
491 2457 614 2499 condendis
637 2457 747 2499 committi
770 2458 856 2511 piacula

77 2524 187 2572 poterant,
211 2535 256 2572 non
281 2522 353 2565 solum
377 2524 428 2578 quia
452 2524 532 2566 messis
555 2524 602 2578 ipsa
623 2525 677 2567 ritus
694 2537 757 2567 sacer
772 2532 820 2568 erat
830 2522 854 2583 ²),

77 2628 174 2638 -—-—

95 2691 158 2782 lllth.
170 2693 276 2738 Luebbert,
291 2694 357 2731 Camm.
370 2695 449 2742 Purrtffi,
461 2708 479 2743 p.
494 2699 617 2745 783vKrause,
630 2698 651 2733 de
659 2698 711 2733 Ram.
718 2697 781 2734 aestus
787 2702 853 2745 quaest.

76 2755 94 2779 se
101 2757 119 2782 ec
128 2775 137 2792 .,
150 2760 169 2796 p,
182 2754 210 2787 28.

100 2801 117 2848 2)
131 2803 159 2840 Cf.
177 2806 230 2843 Paul.
248 2808 268 2843 M
281 2811 315 2844 319
328 2808 344 2844 L
358 2812 391 2844 423
406 2809 530 2854 praemelium
547 2808 568 2844 de
584 2809 644 2855 spicis,
657 2820 703 2855 puas
711 2810 797 2855 pre'uuem
810 2821 854 2846 mes-
