2051 3214
555 129 597 171 104

188 256 274 300 Telluri
293 257 365 297 bovem
377 254 471 308 surdam
487 255 579 298 caedito.
596 255 710 299 Piaculum
725 256 798 310 operis
814 254 911 299 faciendi
926 263 967 299 est.

185 325 268 368 Telluri
291 324 438 367 sacrificatum
463 336 512 365 esse
536 324 653 367 verisimile
678 325 771 367 videtur.
794 324 884 367 Etenim
900 325 969 379 prisci

185 393 261 436 Latini
287 393 414 446 nuptiarum
438 391 501 434 initio
525 393 567 445 ipsi
591 392 674 435 Telluri
696 405 790 447 porcum
813 392 967 444 immolabant,

186 475 281 517 eamque
307 461 330 502 in
358 461 485 514 nuptiarum
509 461 613 514 auspiciis
636 462 771 504 invocabant
795 468 862 515 atque
886 461 968 515 nuptiis

186 543 291 584 praeesse
312 530 424 578 rebantur,
446 534 504 571 teste
521 528 624 572 Varrone
640 530 667 573 de
682 544 701 572 ν.
717 543 736 571 ν.
752 528 805 573 114.
822 530 836 572 9
853 536 874 572 et
890 529 968 572 Servio

187 599 216 640 ad
231 597 315 653 Vergil.
339 596 394 640 Aen.
415 596 447 638 lV
469 597 518 639 166.
535 597 611 651 Quare
626 605 648 641 et
663 599 707 641 hoc
722 597 833 652 piaculum
850 599 878 641 ad
895 597 967 640 Tellu-

187 680 234 708 rem
249 667 360 720 pertinere
376 672 437 708 recte
453 665 568 708 iudicabis.

217 733 302 777 Nonius
326 734 348 776 M
364 733 408 776 480
432 733 511 778 L769
535 734 594 778 aliud
618 735 728 789 piaculum
754 748 803 777 cum
826 735 969 778 matrimonio

187 803 308 845 cohaerens
324 808 496 845 commemorat:
519 802 588 845 Varro
603 803 772 858 Antiquitatum
788 817 862 846 νονιιινν
877 803 968 846 divina-

187 885 238 914 νιιινν
266 872 304 914 lib.
333 870 404 914 XIV:
432 870 521 914 ‘ttvtrts
546 872 624 927 nuptis
646 872 840 926 samficadantur
863 872 887 914 ι’νν
909 871 969 913 cubi-

187 942 235 984 cato
259 940 354 983 πῶλοί.
378 939 428 981 Hoc
448 939 559 993 piaculum
580 941 603 981 in
624 941 703 983 viduae
727 940 829 983 cubiculo
844 947 968 982 mactatum

188 1008 299 1064 piaculum
324 1008 393 1050 fuisse
417 1004 491 1062 operis
515 1008 617 1060 faciendi,
642 1023 686 1064 quo
710 1022 787 1051 manes
802 1009 882 1063 prioris
896 1007 970 1049 mariti

188 1076 292 1132 placaret,
316 1083 435 1131 antequam
459 1075 538 1119 officiis
561 1078 637 1119 uxoris
659 1077 790 1132 fungeretur
810 1090 862 1132 erga
886 1089 969 1118 novum

189 1146 260 1188 virum
275 1147 298 1188 in
313 1152 419 1199 promptu
434 1151 580 1200 apertumque
596 1152 637 1188 est.

218 1213 286 1256 Festo
307 1213 331 1255 Μ
346 1213 375 1255 74
390 1214 409 1255 L
425 1214 455 1256 65
475 1219 572 1255 testante
589 1213 733 1268 differreutio
746 1227 820 1269 gertus
836 1219 886 1255 ονοῐ
899 1211 969 1255 sacri-

187 1281 247 1337 ficii,
272 1296 313 1338 quo
336 1281 396 1324 inter
416 1281 490 1324 ον’νιινιι
510 1288 533 1323 οι
546 1281 659 1324 mutierem
672 1282 747 1336 fiebat
761 1281 879 1324 dissolutio
885 1294 892 1331 ;
908 1280 969 1323 attera

190 1350 340 1404 dffarreatta
364 1349 418 1405 quta
437 1349 512 1403 fiebat
525 1348 606 1404 sarred
622 1350 665 1392 ttto
681 1349 789 1393 adhibito.
804 1350 828 1392 In
845 1364 889 1405 quo
905 1360 969 1391 sacro

189 1418 232 1460 ritu
247 1419 376 1473 peragendo
392 1419 516 1460 sacerdotes
528 1417 733 1471 confarreationum
742 1417 969 1473 etdt'ffarreatz‘onum

188 1486 314 1536 adstabant,
332 1487 360 1530 cf.
380 1486 401 1529 C.
419 1487 437 1529 J.
453 1486 479 1528 L.
495 1487 516 1528 X
532 1487 589 1529 6662
606 1488 641 1540 (=
650 1487 737 1529 Dessau
752 1487 824 1539 1455).
832 1486 969 1529 Sacrificium

186 1554 298 1608 piaculum
322 1555 392 1598 fuisse
415 1557 488 1609 operis
505 1556 601 1598 faciendi
617 1556 630 1598 i.
639 1570 657 1598 e.
675 1556 810 1598 matrimonii
827 1553 969 1604 dissolvendi,

187 1623 235 1676 ipsa
258 1637 282 1665 re
304 1630 373 1677 patet.
389 1624 460 1666 Recte
476 1624 590 1667 Rossbach
602 1621 629 1680 1);
649 1624 707 1677 „Dte
724 1623 805 1675 (fater,
822 1623 970 1665 abraderet

189 1691 284 1747 Schutae
298 1692 335 1734 tte
350 1693 398 1735 Ete
409 1693 551 1748 gescttossen
566 1706 621 1743 ιοινν,
632 1706 709 1735 εοονοιν
718 1696 814 1743 armant,
825 1691 858 1734 ste
866 1691 969 1734 troteten

188 1759 264 1801 Ratae
278 1761 328 1803 aad
342 1767 443 1803 musstea
459 1759 585 1817 besdnfttgst
598 1761 710 1803 werden.¹'

218 1827 347 1871 Plutarchus
371 1829 397 1883 Q.
417 1828 445 1871 R.
467 1828 495 1871 50
518 1841 586 1883 agens
610 1830 638 1871 de
662 1828 829 1871 diffarreationc
849 1828 922 1882 aliqua
937 1827 970 1868 in-

188 1896 331 1949 faustissima,
355 1899 433 1952 priscis
456 1898 593 1951 temporibus
617 1899 699 1953 ignota,
722 1898 781 1940 lacta
801 1904 877 1940 tamen
894 1894 969 1937 Domi-

189 1965 250 2008 tiano
273 1967 372 2020 principe
395 1967 453 2008 inter
476 1965 589 2008 flaminem
613 1965 701 2008 Dialem
719 1973 741 2008 et
758 1965 898 2014 flammicam,
915 1964 969 2004 haec

189 2034 261 2076 addit:
285 2033 301 2075 οἱ
324 2033 345 2075 δὲ
368 2033 422 2084 ἱερεῖς
445 2032 573 2087 πνιρεγένοντο
595 2038 620 2085 τῇ
644 2035 678 2076 τοῦ
702 2031 771 2085 γοὶμοιι
787 2030 882 2078 διαλύσει,
899 2028 969 2073 πολλοὶ

188 2099 274 2153 &pradia
296 2099 329 2143 ιιοιὶ
351 2101 453 2144 ἀλλόκοτοι
469 2100 503 2143 κοιλ
519 2099 628 2155 σκυθρωποὶ
644 2101 731 2153 δρῶντες.
748 2102 783 2144 Ex
799 2102 879 2156 quibus
896 2099 970 2141 verbis

189 2170 295 2224 sequitur,
319 2170 341 2211 ni
365 2170 436 2222 fallor,
460 2172 481 2212 in
507 2170 678 2213 diffarreationis
700 2171 750 2224 ritu,
769 2177 818 2212 uter
834 2168 932 2211 coniunx
947 2167 969 2208 in

190 2237 254 2292 culpa
277 2237 350 2290 fuerit,
372 2252 422 2281 eum
444 2239 537 2293 impium
556 2239 677 2282 iudicatum
695 2252 744 2281 esse
761 2245 783 2280 et
799 2243 940 2280 exsecratum
957 2250 970 2277 a

189 2306 360 2348 diffarreationis
375 2307 536 2350 sacerdotibus.

218 2373 363 2417 Notissimam
387 2375 476 2418 Romuli
498 2365 569 2430 legem
593 2375 698 2417 oblivioni
722 2375 819 2418 detraxit
841 2372 970 2415 Plutarchus

189 2441 212 2483 in
237 2442 284 2484 eius
307 2444 352 2485 vita
376 2444 418 2485 22:
442 2439 503 2490 ἕθνιιε
526 2441 547 2484 δὲ
563 2439 596 2484 mi
615 2441 683 2494 νόμους
700 2441 754 2491 τινος
770 2441 793 2498 (ὃ
808 2439 930 2497 Ῥωμύλος),
946 2435 970 2480 ὧν

190 2508 274 2562 σφοδρὸς
295 2508 331 2561 μέν
351 2511 404 2553 ἐστιν
419 2509 427 2551 ὅ
444 2509 523 2561 potatui
540 2509 568 2560 μὴ
584 2509 647 2559 διδοὺς
662 2509 781 2553 οὶνιολείνιειν
797 2507 864 2563 ἄνδρε,
882 2512 969 2560 yonam

190 2575 212 2617 δὲ
228 2576 292 2625 διδοὺς
308 2577 418 2628 εἰιβοὶλλειν
433 2576 468 2619 ἐπὶ
485 2576 606 2633 &appamiae
622 2578 694 2621 νὲιινιον
710 2576 720 2626 ἢ
737 2577 818 2621 κλειδῶν
832 2577 921 2632 ὑποβολῇ
936 2575 969 2618 κον)

190 2635 344 2698 μοιχευθεῖσαν·
367 2646 383 2688 εἰ
407 2643 492 2693 δ’ἄλλοο
506 2662 545 2693 ,τις
560 2645 717 2698 attemptetur,
734 2650 770 2695 τῆς
787 2644 855 2693 οὐσίοις
871 2646 932 2688 admi
947 2644 969 2686 τὸ

214 2796 231 2843 1)
245 2797 352 2841 Rossbach,
365 2795 393 2832 die
406 2797 452 2832 rtm.
465 2795 510 2840 Ehe,
523 2807 541 2843 p.
555 2800 588 2832 127
602 2808 637 2843 sq..
