2051 3214
597 149 625 190 22

249 276 318 318 Plaut.
342 276 402 317 Rad.
429 276 468 318 191
492 273 514 316 si
529 288 583 329 erga
596 281 711 330 parentem
728 280 770 316 ant
783 274 835 316 deas
850 288 884 316 me
899 273 1000 329 impiavi.

249 344 328 387 senec.
345 343 440 386 Pbaedr.
459 343 515 385 1185
533 342 657 385 lbalamas.
668 372 688 384 ..
705 341 811 397 impiatos
820 341 932 396 saeinare.

251 410 316 465 Apul.
338 410 392 454 Met.
408 411 416 452 I
434 412 460 453 18
476 424 552 453 armare
568 411 665 454 lmmana
675 441 680 454 .
690 442 709 453 ..
726 409 852 465 impiatum,
868 410 895 452 III
911 412 924 453 3
940 423 1001 452 ream

221 486 253 522 tet
266 479 373 521 caedibus
389 478 515 541 irnpiapam.

249 548 323 590 Pacat.
339 547 421 602 Paneg.
441 546 518 589 Tbead.
534 548 563 589 43
580 561 607 589 ne
621 548 694 589 oeulos
707 546 763 589 istas
775 547 876 589 amnibas
888 548 1003 589 salutares

220 617 282 666 bama
293 615 402 670 funebris
419 615 529 669 impiaret.

251 684 305 726 Min.
322 683 368 726 Fel.
386 681 432 726 Oa.
449 684 485 725 28.
501 682 515 725 5
531 682 640 737 impiatis.
650 682 723 725 saeris
739 682 776 739 (=
785 684 853 725 sacris
868 683 934 738 impie
942 696 1001 726 com·

222 752 311 808 missis).

251 821 316 863 Prud.
336 818 398 862 Call.
416 819 447 861 VI
463 820 492 862 54
507 819 572 861 vitiis
587 833 623 861 ear
638 818 749 874 impiavit.

250 888 299 931 Alia
315 888 406 943 omnino
423 893 456 929 est
473 888 504 929 vis
521 887 635 942 impianeli
650 885 708 940 'apud
724 887 822 929 Macrob.
839 887 887 930 Sat.
903 887 931 929 III
948 888 1001 931 10.7

221 956 368 999 committitur
383 969 434 1010 erga
449 970 485 997 res
502 969 545 998 nan
560 955 649 1010 qnidam
659 955 777 1010 impianda
785 954 823 1011 (=
831 957 966 1010 inexpianda
974 972 1002 995 z:

221 1021 378 1081 inexpiabilis),
393 1024 487 1067 insolita
503 1030 584 1067 tamen.

542 1190 558 1222 7.
592 1196 685 1225 PIABILIS.

251 1310 292 1352 Vis
309 1310 369 1353 vocis
381 1308 479 1364 piabilis
494 1308 577 1363 duplex
593 1315 635 1351 est:
650 1308 764 1363 Significat
780 1310 850 1352 enim:

253 1385 302 1421 aut:
323 1377 452 1433 placabilis,
478 1377 505 1421 cf.
530 1377 594 1421 Ovid.
619 1377 683 1419 Fast.
706 1376 733 1418 ΙΙΙ
748 1378 792 1421 289
811 1377 905 1432 piabile·
912 1377 1004 1431 fulmen

222 1447 245 1503 (i.
254 1461 273 1489 e.
289 1446 381 1501 piabilis,
397 1445 510 1499 placabilis
526 1445 558 1486 ira
572 1444 639 1505 Jovis,
655 1458 711 1500 quae
728 1445 819 1487 fulmine
834 1444 974 1499 ostenditur),

252 1521 302 1557 aut:
322 1521 429 1570 purgans
452 1513 554 1564 maealis,
579 1513 607 1555 cf,
632 1512 690 1556 Ven.
714 1513 774 1556 Fort.
799 1512 817 1555 ΙΙ
836 1515 856 1555 4.
875 1512 887 1555 7
908 1511 1005 1568 piabilis

220 1585 308 1638 palma.

516 1715 532 1747 8.
549 1718 550 1721 ’
562 1720 710 1750 INEXPIABILIS.

253 1842 376 1895 Aptissima
399 1842 571 1897 significationes
595 1842 655 1884 vocis
679 1841 827 1896 inexpiabilis
847 1848 869 1884 et
890 1842 1003 1884 verbim·

220 1909 306 1964 piandi
328 1910 386 1952 inter
409 1924 459 1952 sese
476 1911 602 1962 cohaerent,
620 1911 680 1964 quod
696 1909 760 1952 facile
775 1910 866 1960 videbis,
882 1909 1004 1952 dummodo

224 1992 250 2020 ea
273 1991 330 2032 quae
354 1984 484 2032 sequuntur,
507 1991 558 2020 cum
578 1978 604 2020 iis
625 1991 682 2032 quae
703 1991 770 2031 supra
785 1991 806 2019 n.
823 1977 837 2019 5
853 1978 1004 2032 exposuimus,

224 2046 394 2099 comparaveris.

254 2129 273 2156 a.
296 2113 520 2167 inexpiabilis
537 2132 564 2148 =
581 2113 813 2167 implacabilis.
1025 2169 1026 2173 Ἰ

254 2181 299 2225 Cic.
317 2182 341 2224 in
357 2181 430 2225 Pisan.
448 2184 474 2224 81
493 2182 515 2224 si
531 2188 692 2237 aspernaretur
703 2181 827 2224 amicitiam
841 2194 911 2223 meam
919 2196 1006 2237 seseque
1025 2235 1026 2241 ¹

225 2250 282 2292 milei
297 2249 459 2304 implacabilem
477 2249 678 2305 inexpiabilemque
686 2249 804 2304 praeberet
808 2262 815 2299 ,·
823 2248 920 2305 Pleilipp.
928 2250 976 2292 XIII
984 2252 1004 2302 2,
1025 2293 1026 2296 ,

224 2319 276 2361 XIV
285 2321 301 2361 8
315 2326 337 2361 et
352 2319 379 2360 ale
394 2319 444 2361 liar.
461 2326 518 2373 resp.
535 2320 549 2359 4
566 2319 702 2373 inexpiabile
710 2319 804 2369 bellam;
815 2318 877 2361 Tmsa.
885 2318 950 2373 Disp,
960 2319 1004 2360 127
1025 2332 1026 2377 j

225 2401 263 2429 nec
275 2387 373 2429 violatas
387 2385 556 2442 (caeremonias)
566 2393 611 2428 tam
621 2386 757 2441 inrapiabili
763 2386 871 2441 religione
879 2384 916 2442 (=
924 2384 1005 2443 poena)
1025 2385 1026 2414 ἕ

225 2455 369 2505 elnensem,-
385 2455 413 2496 de
427 2468 451 2496 re
462 2455 525 2510 pabl.
541 2454 567 2495 ΙΙΙ
585 2456 760 2509 19elamantqne
769 2454 1006 2509 inexpiabilespeenas
1025 2470 1026 2514 3

226 2523 351 2577 impendere
367 2522 403 2574 iis,
420 2537 435 2564 a
449 2522 530 2577 quibas
546 2523 654 2564 aialalmm
669 2522 702 2564 sit
716 2519 838 2576 ammal1).

250 2667 390 2732 11N0ta1idum
411 2694 440 2725 est
463 2688 513 2723 Tase.
533 2688 586 2734 Disp.
606 2689 648 2724 127
667 2694 686 2725 et
704 2688 725 2723 da
738 2687 818 2733 republ.
831 2688 856 2724 ΠΙ
870 2692 892 2725 19
905 2700 945 2725 non
957 2689 1005 2732 deas,

225 2747 260 2782 sed
273 2746 311 2781 iam
323 2746 374 2791 ipsas
383 2746 453 2789 pierias
465 2746 532 2780 vocari
545 2743 667 2789 inexpiabiles,
681 2742 808 2789 implacabiles.
823 2744 897 2781 Neerl.:
911 2745 1005 2781 anaerbiel-

226 2800 289 2856 delzjbe
301 2801 385 2847 siraffirn.
