2051 3214
534 180 536 184 -
570 150 583 193 2

213 278 292 335 Neque
312 287 389 336 tamen
413 278 446 322 vel
462 279 520 322 hanc
535 285 622 334 partem
638 285 709 322 totam
725 276 779 321 mihi
794 278 889 322 uindico.
906 279 969 322 Prae-

184 349 228 392 cidi
243 350 303 391 enim
320 350 396 392 omnia
411 361 469 404 quae
485 347 606 391 manifesto
622 361 667 391 non
675 345 801 390 Romanam
811 348 851 390 sed
859 348 969 392 Graecam

184 419 291 474 originem
307 418 361 472 prae
377 431 401 460 se
417 416 498 460 ferunt.
858 412 860 417 ’

213 487 308 530 Accedit
337 487 397 542 quod
427 492 449 528 et
473 487 501 528 ab
525 485 617 529 aliarum
641 479 772 541 religionum
796 487 969 541 comparatione,

185 568 320 611 quamquam
342 569 391 599 eam
407 568 452 598 non
468 554 557 609 penitus
573 554 669 611 neglexi,
686 555 809 611 generatim
825 562 901 598 tamen
918 555 970 598 mihi

184 624 341 668 abstinendum
365 624 447 679 putavi.
471 623 520 666 Etsi
537 624 602 666 ,enim
617 624 673 667 haec
689 624 804 679 disciplina
820 624 971 679 comparativa

184 707 224 736 sua
247 693 342 736 utilitate
365 706 410 735 uon
433 698 515 743 careat,
536 691 642 748 pleraque
656 700 733 755 tamen
749 693 772 735 iu
788 707 820 745 ea,
839 694 970 747 praesertim

184 762 341 805 sacrificiorum
357 762 401 804 vim
418 767 484 816 atque
501 762 615 805 notionem
632 763 763 816 spectantia,
772 762 890 806 incertiora
898 762 970 808 adhuc

185 830 296 883 existimo,
313 844 380 886 quam
396 838 420 874 ut
436 831 484 872 sine
500 831 589 873 errandi
603 830 702 885 periculo
718 831 817 874 adhiberi
831 831 926 885 possint.

214 901 329 943 Romanos
351 899 418 955 igitur
441 899 496 943 ritus
519 913 548 941 ex
571 899 680 942 Romanis
703 899 810 943 institutis
826 900 970 955 moribusque

186 968 328 1023 potissimum
343 968 484 1023 ¹interpretari
500 968 606 1011 conabor.

214 1038 370 1081 Lustrationes
394 1051 446 1080 vero
470 1044 493 1080 et
516 1037 687 1091 procurationes
709 1038 869 1093 prodigiorum,
889 1038 971 1094 quippe
996 1054 997 1058 ¹

186 1119 243 1161 quae
263 1120 330 1161 saepe
347 1119 398 1149 cum
414 1106 506 1161 piaculis
522 1112 583 1148 arcte
600 1112 768 1158 connectantur,
785 1107 881 1150 breviter
896 1107 970 1162 attigi;

184 1176 360 1229 procurationes,
376 1175 437 1230 quod
452 1174 544 1229 piaculis
557 1175 656 1217 maxime
669 1182 722 1218 sunt
734 1176 879 1230 propinquae,
893 1175 970 1218 lustra-

185 1244 264 1295 tiones,
289 1244 349 1299 quod
373 1257 401 1286 eo
424 1257 469 1298 quo
492 1257 505 1285 a
528 1243 620 1297 piaculis
644 1244 771 1298 discrepant
791 1244 870 1287 horum
892 1251 971 1287 natura

185 1314 264 1355 clarius
280 1312 407 1355 illustratur,
696 1358 707 1384 ὓ
