2051 3214
411 146 450 187 141

40 285 121 328 magna
145 286 174 315 ex
196 278 260 327 parte
277 277 363 323 mutata
379 277 419 314 est.
436 270 493 313 Tum
511 271 570 314 enim
587 270 697 314 malorum
715 272 824 326 expulsio,

40 343 140 398 magicae
163 341 216 394 olim
240 341 353 394 adscripta
377 339 510 383 efficientiae
533 341 678 392 circuitionis,
694 341 823 384 numinibus

40 411 123 452 sensim
139 410 206 452 tribui
221 415 303 463 coepta
319 414 361 459 est,
371 409 428 451 sieut
436 410 504 452 verba
512 410 613 452 indicant
622 407 732 451 formulae
741 408 789 452 Cat.
799 410 827 452 de

40 477 110 532 agric.
128 478 177 520 141.
193 478 218 519 2:
228 477 294 519 Mars
299 482 377 531 pater.
385 508 402 518 ..
417 473 498 531 ugrum
507 484 591 520 terram
595 475 744 532 fundumque
751 491 824 519 mrum

40 546 204 589 suovetaurilia
219 544 346 600 circumagi
360 545 426 597 iussi,
441 552 467 588 nt
479 553 503 588 tn
512 546 597 589 morbos
605 559 748 589 averrurrrs.
757 545 823 588 Unde

40 617 108 657 etiam
123 615 207 658 factum
220 620 261 666 est,
278 620 302 656 ut
318 613 461 656 circuitiones
469 628 574 670 agrorum
583 627 629 655 non
638 613 711 656 solum
720 627 825 656 averrun-

40 684 112 734 candi‚
129 684 169 725 sed
185 683 252 725 etiam
268 681 372 736 placandi
379 682 423 724 vim
431 683 558 735 induerent,
567 690 591 725 ut
599 682 665 736 plane
674 689 768 737 apparet
776 689 824 725 tum

40 766 70 794 ex
85 752 165 794 eodem
182 751 280 793 carmine
296 751 343 805 agri
358 750 473 803 lustrandi,
489 759 538 794 tum
554 765 584 794 ex
598 752 711 805 precibus,
729 764 788 806 quae
803 752 826 792 in

40 820 155 871 lustranda
176 820 247 862 classe
262 820 352 870 fiebant,
369 819 397 875 ci.
414 819 471 862 Cato
486 821 537 863 loco
553 821 623 863 modo
639 819 713 871 allato,
729 819 766 861 uti
781 818 827 861 sies

41 890 117 931 volens
128 888 245 942 propitius
260 886 317 930 rrrr'lrr'
332 887 395 929 domo
403 887 656 944 familiaeque-nostrae
664 894 687 930 et
695 887 744 929 Liv,
753 887 826 929 XXIX

40 956 76 999 27,
95 960 105 998 l
126 956 177 998 dr'ur'
191 955 305 1011 divaeque,
322 956 362 1010 qrrr'
376 957 451 999 ααααίἀ
469 963 584 1011 terrasque
599 955 679 1007 colitis,
697 969 735 998 vos
747 962 827 1010 precor

40 1038 169 1079 quaesoque,
186 1023 222 1065 uti
236 1023 333 1078 quaein
349 1037 394 1065 mro
410 1023 503 1078 imperio
515 1030 582 1078 gesta
598 1030 667 1065 suin.
679 1057 696 1065 ,,
714 1023 767 1065 berre
779 1037 826 1065 vrr-

40 1098 139 1142 runcant,
162 1105 229 1146 euque
247 1105 286 1133 vus
301 1091 378 1133 omnia
393 1092 445 1134 berre
461 1092 545 1134 iuvetis
560 1098 598 1152 cet.
615 1091 732 1145 Quaenam
750 1099 826 1134 autem

41 1174 108 1203 causa
124 1159 196 1210 fuerit,
214 1172 253 1200 cur
268 1158 405 1201 lustrationis
419 1160 551 1214 significatio
565 1152 685 1201 lioemodo
694 1166 826 1210 mutaretur,

41 1242 85 1271 non
101 1228 162 1270 latet.
178 1227 268 1269 Etenim
285 1229 302 1269 si
319 1227 448 1269 consideres
464 1228 486 1269 in
502 1227 672 1270 lustrationibus
685 1228 753 1279 urbis,
762 1230 827 1271 exerr

41 1297 104 1348 citus,
121 1308 225 1351 agrorum
241 1295 307 1338 Marti
324 1295 407 1337 factum
424 1310 475 1338 esse
490 1295 690 1347 suouetaurilibus;
707 1304 826 1339 suovetau-

41 1364 88 1406 rilia
104 1377 156 1405 vero
173 1377 202 1404 ex
218 1363 267 1417 lege
283 1369 328 1405 tam
345 1365 471 1406 devotionis
484 1377 551 1419 quam
566 1364 688 1418 spoliorum
697 1365 826 1418 opimorum

40 1434 84 1475 iam
100 1434 152 1475 inde
168 1433 195 1473 ab
212 1432 308 1486 antiquis
321 1432 460 1485 temporibus
477 1432 543 1474 Marti
558 1433 648 1486 propria
664 1432 732 1491 fuisse
746 1439 769 1474 et
782 1433 826 1474 sin-

41 1501 124 1556 gularia
142 1500 238 1554 piaculat
255 1501 273 1542 si
289 1501 393 1542 attendas
409 1514 487 1553 preces
503 1501 638 1554 placatorias
654 1502 701 1557 agri
715 1501 826 1544 lustrandi

41 1567 98 1624 (Cat.
122 1570 154 1612 nl.
180 1567 230 1624 141)
254 1569 345 1610 omnino
370 1581 494 1624 congruere
510 1582 561 1611 cum
576 1570 680 1623 precibus
696 1569 825 1623 placatoriis

40 1637 121 1692 piaculi
141 1635 198 1694 (Cat.
220 1637 252 1678 il.
275 1633 338 1692 139);
354 1660 382 1665 -
397 1650 495 1690 pronum
510 1644 545 1679 est
560 1637 648 1688 inferre,
666 1637 822 1680 lustrationem

40 1711 224 1748 averruncantem
242 1717 254 1744 e
270 1704 313 1746 ritu
329 1717 389 1746 mere
403 1706 490 1760 magico
499 1718 631 1748 conversam
641 1719 690 1748 esse
699 1706 721 1748 in
730 1707 825 1748 deorum

41 1775 125 1816 cultum
148 1774 169 1814 vi
190 1779 212 1814 et
228 1779 344 1815 momento
360 1772 446 1826 piaculi¹
463 1772 551 1816 Eodem
567 1780 644 1816 autem
658 1780 763 1828 tempore
780 1787 825 1828 quo

41 1844 98 1884 inter
114 1856 139 1884 se
155 1840 312 1883 coalescebant
328 1841 414 1895 magica
430 1855 466 1883 ars
482 1848 504 1884 et
520 1841 593 1884 cultus
609 1842 704 1893 divinus,
713 1842 755 1898 vel,
764 1843 825 1897 quod

19 1903 20 1907 ¹
41 1911 121 1952 eodem
130 1910 194 1960 redit,
203 1908 314 1962 piaculum
323 1915 345 1950 et
353 1909 448 1951 lustrum
457 1923 507 1952 sese
516 1910 721 1952 accommodabant
730 1910 825 1952 alterum

40 1980 69 2021 ad
93 1977 194 2028 alterum,
217 2000 247 2007 —
267 1978 348 2020 eodem
364 1979 471 2031 temporis
488 1978 561 2032 spatio
577 1979 600 2021 id
616 1991 706 2037 quoque
722 1979 825 2021 evenisse

40 2054 101 2101 puto,
125 2053 149 2088 ut
167 2045 235 2100 piare
254 2061 266 2087 a
283 2045 396 2100 placandi
416 2046 515 2097 notione,
532 2060 572 2100 per
588 2047 704 2089 notionem
721 2046 825 2089 sanandi

40 2113 123 2157 sensim
147 2113 213 2168 latius
237 2127 351 2165 emanans,
377 2114 496 2156 lustrandi
518 2116 586 2157 etiam
608 2121 631 2157 et
643 2116 765 2169 purgandi
780 2116 825 2157 vim

40 2184 142 2226 indueret
152 2178 175 2239 ¹).
828 2196 830 2199 ⁴

70 2319 144 2372 Quare
167 2318 259 2373 piaculis
281 2318 496 2373 lustrationibusque
519 2319 717 2361 averruncantibus
739 2325 825 2362 attente

40 2388 195 2439 consideratis,
212 2387 267 2429 haec
281 2387 401 2430 statuenda
414 2395 466 2429 suut
483 2389 496 2429 d
505 2387 511 2428 i
520 2401 531 2429 s
540 2401 552 2429 c
560 2401 570 2428 r
578 2389 585 2429 i
594 2401 615 2429 m
624 2389 654 2429 in
664 2402 676 2429 a
686 2400 690 2429 :
707 2388 823 2430 Lustratio

40 2456 171 2499 naturaliter
194 2456 248 2497 ritus
273 2463 307 2498 est
330 2469 481 2498 averruncans
502 2455 560 2498 mala
581 2463 676 2498 externa
691 2463 713 2499 et
728 2457 823 2507 interna,

65 2588 82 2634 1)
95 2590 180 2635 Egregie
199 2590 249 2625 arcis
268 2599 347 2635 quoque
367 2589 456 2625 lustratio
474 2590 494 2625 in
512 2587 584 2624 tabulis
601 2589 687 2634 Iguvinis
701 2588 824 2634 piaculorum

40 2646 150 2691 analogiam
168 2644 255 2681 ostendit
274 2645 304 2690 (cl.
324 2645 350 2681 VI
368 2645 385 2680 Α
405 2648 427 2679 25
440 2645 482 2691 sq,);
496 2646 543 2690 quin
556 2646 614 2681 etiam
628 2645 728 2687 sacrificia,
741 2655 792 2689 quae
804 2645 824 2680 in

41 2712 85 2738 arce
104 2702 203 2739 lustranda
221 2701 298 2748 fiebant,
313 2699 391 2746 piacula
410 2706 511 2737 vocantur.
530 2700 564 2736 Vis
583 2705 648 2736 autem
660 2698 714 2736 vocis
724 2699 794 2744 piandi
805 2701 824 2735 in
887 2708 890 2716 ³

40 2758 110 2794 tabulis
122 2758 207 2804 Iguvinis
221 2757 322 2801 multiplex
335 2761 370 2800 est,
383 2757 399 2792 si
411 2762 465 2792 reete
478 2755 563 2792 carmina
575 2756 674 2802 intellego.
686 2755 737 2792 Vide
749 2755 824 2792 Biiche·

40 2814 74 2856 ler,
91 2812 181 2856 Urrrbrr'ca,
194 2824 213 2859 p.
227 2815 249 2848 56
263 2818 283 2849 et
294 2812 355 2856 Buck,
370 2811 411 2847 Osi.
428 2811 490 2851 Unrbr.
504 2810 594 2856 Diruta,
607 2824 626 2858 p.
640 2816 680 2848 157.
