2051 3214
423 122 481 168 '91

78 253 168 303 candus,
191 253 252 305 prius
276 252 404 301 faciendum
428 259 476 294 erat
498 252 585 306 piaculo
608 252 682 306 operis
705 251 808 302 faciendi,
833 249 861 292 cf.

77 323 129 367 Plin.
151 320 181 362 N.
198 320 227 363 H.
248 320 310 362 XVII
325 320 368 362 267
385 320 443 362 idcru
460 318 532 377 (Cato)
549 322 638 363 ardores
653 318 775 373 religiosas
790 320 861 361 lucos·

10 416 11 419 =
77 404 117 448 que
136 388 225 430 succidi
243 387 353 444 perucisitJ
371 387 485 442 sacrificio
504 389 560 443 pri
567 404 602 431 us
620 387 693 442 facto,
712 388 777 430 cuius
792 386 862 429 ratio-

14 502 15 506 ,
78 471 125 502 occur
144 456 339 512 precationemque
362 456 434 498 eoderu
456 458 567 500 uoluruiue
583 456 688 500 tradidit.
704 456 781 498 Ritum
797 456 862 498 huius

5 516 13 536 ⁸
77 524 157 582 piaculi
177 525 225 578 ipse
248 524 304 568 cato
325 532 400 567 narrat
416 526 444 567 de
459 540 509 580 agr.
527 528 580 569 139:
597 528 672 568 lucuru
689 526 806 567 coulucare
820 525 862 566 Ro-

10 587 12 591 *
78 585 142 637 ucauo
165 606 224 635 ruore
246 593 279 635 sic
295 599 389 648 oportet:
401 599 467 648 porco
480 594 572 648 piaculo
582 593 664 647 facito,
682 593 715 634 sic
731 593 797 635 uerba
814 605 862 634 eou-

77 657 155 716 eipito:
177 661 208 703 “si
230 662 292 714 deus,
316 662 339 704 si
360 662 402 704 dea
416 652 455 713 es,
476 662 566 718 quoiuuc
588 663 649 705 illud
663 675 754 704 sacruru
770 667 809 711 est,
827 660 863 701 uti

78 729 120 772 tili
134 729 171 770 ius
187 736 221 770 est
232 735 297 783 porco
310 730 403 785 piaculo
414 729 493 783 facere
509 720 597 773 illiusce
611 729 674 772 sacri
686 729 798 772 coereeudi
811 743 862 783 ergo

78 799 201 852 lcaruruque
220 811 294 840 reruuc
311 812 368 852 ergo,
385 797 433 840 sive
448 812 486 853 ego
502 798 550 840 sive
564 798 616 854 quis
631 798 697 840 iussu
714 811 759 839 uteo
770 797 860 851 fecerit,

78 865 113 907 uti
135 865 162 906 id
183 872 240 907 recte
251 865 344 919 factura
354 865 407 925 siet,
425 866 473 908 eius
489 867 523 909 rei
538 881 589 921 ergo
606 873 626 908 te
642 866 680 908 leoc
692 872 757 921 porco
770 866 861 921 piaculo

78 934 214 976 iucucolaudo
237 934 307 976 loreas
327 941 404 989 preces
424 942 508 990 precor,
532 935 569 977 uti
590 935 636 977 sies
658 936 734 976 voleus
746 933 862 989 propitius

78 1001 135 1044 ruilci
149 1002 211 1043 doruo
219 1001 371 1058 familiaeque
384 1017 445 1045 cereae
457 1003 576 1058 liberisque
588 1003 656 1045 rueis:
669 1003 774 1044 daruruce
786 1015 861 1044 reruru

78 1084 127 1125 ergo
142 1076 214 1112 ruacte
228 1070 266 1112 leot
278 1078 349 1126 porco„
356 1071 448 1126 piaculo
464 1072 593 1114 iuruolaudo
609 1072 666 1113 esto'.

106 1137 174 1191 Apud
197 1137 277 1181 fratres
300 1138 393 1181 Arvales
416 1139 527 1193 piaculum
551 1139 594 1182 luci
617 1139 751 1182 conlucandi
770 1137 861 1193 singulis

79 1206 142 1247 annis
158 1213 269 1249 mactatur
285 1214 369 1250 statuto
383 1208 425 1258 die,
434 1209 447 1249 i.
457 1222 476 1250 e.
485 1209 584 1250 secundo
593 1209 628 1250 die
637 1208 694 1250 sacri
702 1209 758 1249 deae
766 1206 821 1248 Diae
832 1201 860 1260 1);

79 1280 166 1317 constat
191 1276 322 1318 sacrificium
339 1290 368 1318 ex
384 1277 471 1319 duobus
488 1277 561 1330 porcis
577 1276 731 1330 piacularibus,
748 1288 805 1330 quae
820 1275 861 1316 im-

78 1342 190 1392 molamur
212 1345 235 1385 in
258 1358 296 1386 ara
313 1351 365 1387 ante
381 1344 455 1386 lucum
471 1345 508 1397 (cl.
524 1352 574 1387 acta
590 1358 641 1387 ann.
657 1344 692 1396 87,
709 1345 745 1395 90,
761 1342 860 1393 Hemen,

77 1423 98 1463 p.
115 1411 163 1463 20);
179 1418 272 1454 vocatur
287 1426 340 1455 vero
356 1413 487 1455 sacrificium
501 1420 582 1468 porcae
594 1413 726 1467 piaculares
741 1411 789 1454 leeci
803 1410 861 1453 coiu-

78 1478 162 1532 queudi
177 1486 199 1521 et
213 1480 286 1534 operis
296 1479 415 1534 saeiuudi.
432 1480 500 1523 Cuius
512 1472 604 1535 ¹generis
621 1480 707 1534 piacula
723 1479 770 1521 fece
786 1479 861 1522 omnia

78 1554 195 1590 enumerat
218 1548 310 1591 Henzen
333 1551 347 1592 l.
364 1551 386 1599 l.‚
411 1564 433 1603 p.
449 1550 478 1592 20
494 1556 516 1592 et
532 1550 570 1601 21;
592 1549 696 1591 addenda
717 1555 793 1591 tamen
809 1553 861 1589 sunt

78 1626 135 1667 quae
150 1615 293 1660 inveniuntur
307 1618 330 1659 in
347 1617 421 1659 tabula
438 1630 570 1671 marmorea,
586 1630 645 1659 anno
660 1631 682 1670 p.
699 1614 749 1658 Chr.
765 1629 786 1657 n.
804 1616 862 1659 1914

78 1689 165 1735 reperta
175 1680 199 1738 ²),
216 1698 260 1740 qua
276 1698 334 1728 nova
349 1687 460 1741 quaedam
476 1692 555 1728 notatu
569 1685 698 1740 dignissima
712 1685 860 1734 continentur,

78 1751 158 1803 quibus
181 1752 262 1795 clarius
285 1755 439 1796 Romanorum
464 1755 519 1796 ritus
542 1753 670 1795 illustratur.
694 1753 808 1795 Pertinent
832 1752 861 1793 ad

78 1825 127 1860 acta
157 1819 251 1864 fratrum
275 1822 390 1865 Arvalium
414 1824 466 1864 anni
489 1836 510 1875 p.
535 1820 585 1865 Chr.
610 1823 660 1873 240,
684 1821 715 1863 IV
739 1820 788 1863 Kal.
813 1820 860 1862 Iun.

77 1883 112 1942 [iu
128 1889 177 1930 luco
193 1891 249 1932 deae
263 1891 324 1933 Diae
338 1892 393 1933 Fal.
410 1892 551 1933 Fortuuatus
572 1891 699 1933 Victorinus
711 1897 813 1945 proucag.
830 1889 862 1930 ad

39 1951 40 1954 ’
78 1968 143 1997 araru
167 1957 294 2001 iruucolavit
309 1959 420 2014 porcilias
432 1958 565 2014 piaculares
580 1973 602 2001 u.
619 1959 646 2000 ll
658 1958 705 2001 luci
719 1956 862 2012 eoiuquieudi

78 2028 98 2062 et
121 2025 193 2077 operis
211 2024 376 2084 sociuudcj...
400 2040 504 2070 reversus
526 2026 633 2069 subsellis
648 2023 763 2083 causatu.
780 2024 861 2067 deiude
893 2055 895 2057 -

77 2104 180 2134 reuersus
196 2095 228 2135 ad
243 2094 320 2147 arJuru
337 2095 391 2137 deae
406 2095 466 2137 Diae
481 2094 700 2149 eutasporciliaruru
713 2092 859 2136 reddidit...

73 2156 158 2218 flelic.)
174 2162 223 2204 diu.
240 2170 262 2204 et
274 2163 299 2205 iu
314 2165 459 2206 tetrastecluru
475 2177 578 2206 reuersus
591 2170 625 2205 est
637 2169 659 2205 et
665 2162 770 2204 subsellis
778 2161 861 2215 olous]

78 2233 99 2267 ee
115 2228 139 2270 iu
155 2230 227 2273 codice
242 2232 304 2274 cavit
318 2246 342 2274 se
357 2231 463 2285 adfuisse
479 2239 499 2274 et
512 2245 569 2273 saer.
580 2230 665 2285 fecisse
680 2237 702 2272 et
715 2237 781 2272 cutus
790 2227 860 2286 [rodl-

78 2294 176 2347 didisse,·
204 2305 323 2349 praetexta
347 2299 451 2354 deposuit
472 2306 494 2341 et
516 2299 540 2341 iu
563 2300 640 2341 balaeo
664 2298 711 2340 ibit.
736 2295 860 2354 reuer[sus]

77 2365 173 2418 collegas
195 2364 249 2409 suos
264 2367 376 2410 ueuieutes
392 2368 489 2422 euoepit:
502 2373 621 2422 postquam
634 2368 718 2422 pleuus
734 2363 860 2423 uuffiuelrics

77 2433 213 2487 collegarum
229 2436 343 2478 coreoeuit.
355 2468 374 2477 ..
391 2449 469 2478 uceusa
482 2435 573 2490 puruila
589 2435 639 2476 siue
650 2433 716 2488 ferro
732 2441 785 2476 aute
801 2434 861 2489 ipsos

74 2500 150 2553 posita
174 2509 208 2544 est
229 2511 252 2544 et
267 2510 341 2558 paues
356 2503 474 2558 siligineos
489 2509 559 2558 accep.
576 2503 639 2544 etde
654 2503 796 2557 sauguuculo
808 2509 860 2556 por·

77 2628 175 2635 —ae—

101 2725 118 2765 ll
132 2726 160 2762 Cf,
173 2728 261 2772 Henzen,
275 2728 297 2763 Α.
311 2728 345 2763 Fr.
358 2728 388 2770 Α,
401 2739 420 2773 p.
434 2731 455 2763 18
469 2738 497 2772 sq.

101 2781 118 2827 2)
132 2783 161 2821 Cf.
174 2785 254 2830 Dessau,
269 2784 329 2820 laser.
342 2783 384 2820 Lat.
397 2784 427 2827 111,
441 2787 457 2827 2,
471 2796 489 2819 n.
502 2786 555 2822 9522.
