2051 3214
577 103 603 143 12

197 227 361 283 significationis
384 235 444 271 certe
468 235 556 272 constet
580 226 671 285 (etenim
693 234 740 270 tum
754 228 911 283 purgationem
928 236 976 272 tum

193 295 342 351 placationem
358 295 471 352 ostendit),
487 302 509 339 et
524 297 572 351 ipso
588 296 668 340 Ouidio
683 302 781 339 testante
793 293 830 352 (cf.
840 296 903 340 Fast.
912 297 929 339 Ii
939 296 975 352 19)

193 364 292 419 piaraan,
315 365 375 419 quod
398 365 488 419 quidem
505 372 632 420 purgamen
649 364 763 419 significat,
780 365 910 408 recentioris
927 380 976 408 esse

197 433 276 475 aetatis
293 431 352 475 clare
366 440 479 486 appareat.

227 501 291 556 Quae
306 500 391 544 Nonius
407 502 477 553 affert,
494 508 532 544 aut
548 501 577 543 nii
594 501 644 543 novi
661 501 782 557 continent,
796 507 834 544 aut
848 502 978 545 etiamialsa

197 571 244 612 iure
275 576 327 612 sunt
350 570 464 622 habenda,
485 569 553 624 piare
577 569 636 610 enim
660 569 751 611 minime
774 569 832 612 idem
857 570 929 612 valere
953 584 978 613 ac

197 638 295 691 condere,
311 638 360 691 quis
377 644 410 680 est
427 639 464 693 qui
480 637 580 680 nesciat?

227 706 295 760 Quod
316 712 389 748 autem
411 708 439 748 ad
455 706 522 748 verba
538 705 610 748 Verrii
626 705 700 748 Flacci
716 706 775 759 apud
791 706 882 749 Festum
899 707 979 750 attinet

196 773 260 829 piari
282 787 317 815 eas
332 776 393 817 uelut
403 773 494 829 propria
510 774 579 825 uerba,
596 773 635 829 qui
647 781 731 829 parurn
746 774 795 816 siut
809 774 913 827 attinenti,
930 788 977 822 om-

198 842 263 884 nibus
279 842 336 884 bene
352 843 504 894 consideratis,
520 848 594 885 utrum
607 842 675 897 pianr
689 843 731 885 hoc
746 842 796 885 loco
810 844 853 885 vim
859 843 979 898 purgandi

198 923 225 952 an
241 910 339 953 sedaradi
352 917 374 952 ct
384 910 496 965 placandi
511 910 612 953 antiniana
626 911 706 953 lrabeat
715 911 836 953 diiudicare
844 925 889 954 non
898 912 976 956 audeo.

197 979 232 1021 De
248 979 296 1032 ipso
312 979 354 1021 ritu
370 985 449 1032 postea
464 978 527 1033 plura
543 980 642 1021 dicturus
658 992 714 1021 sum.

227 1047 291 1101 Quae
307 1059 357 1088 cum
373 1047 403 1089 ita
419 1048 469 1102 sint,
486 1062 499 1089 a
512 1047 597 1101 placitis
611 1048 805 1102 grammaticorum
814 1047 879 1104 longe
888 1049 977 1091 receda-

198 1129 247 1158 mus
264 1121 363 1169 oportet;
381 1115 500 1158 videndum
516 1116 582 1171 igitur
599 1116 713 1169 quomodo
729 1129 794 1158 voces
807 1115 846 1170 pii
860 1122 882 1158 et
894 1115 979 1170 piandi

198 1197 313 1226 connexae
327 1184 385 1226 inter
400 1197 424 1226 se
440 1191 463 1226 et
478 1184 565 1239 iugatae
581 1185 631 1225 sint.
646 1182 702 1226 Cum
716 1190 789 1227 autem
805 1181 915 1241 (eu)piare
927 1197 976 1226 cum

196 1253 236 1308 pia
260 1252 378 1294 cohaereat
401 1258 425 1294 ut
448 1249 585 1309 (eu)caecarr
608 1265 658 1294 cum
674 1265 735 1294 caua
751 1258 773 1294 et
786 1252 911 1307 propitiare
927 1265 977 1294 cum

194 1319 298 1376 propitio,
317 1321 391 1363 nativa
407 1333 458 1362 vero
476 1321 507 1362 vis
524 1320 584 1363 vocis
598 1320 640 1375 pii,
658 1326 682 1362 ut
695 1320 977 1374 suprademonstravimus‚

198 1389 305 1430 rationem
330 1389 414 1439 auroris
436 1389 458 1430 in
483 1402 507 1431 se
528 1388 642 1430 contineat
658 1394 680 1430 et
696 1388 809 1438 bonitatis,
827 1388 906 1431 eadem
922 1388 977 1430 ratio

126 1462 131 1472 ²
196 1458 219 1498 in
235 1457 303 1499 verbo
316 1456 402 1511 piandi
415 1456 466 1499 insit
481 1463 576 1511 oportet.
593 1455 729 1512 significatio
745 1469 797 1512 erga
813 1457 887 1499 nativa
899 1463 922 1499 et
935 1456 976 1509 pri-

198 1524 267 1567 maria
283 1525 344 1567 verbi
360 1531 406 1566 est:

228 1596 247 1635 1.
271 1594 360 1647 piare
376 1593 499 1647 :pium
520 1593 848 1635 redderezamorem
869 1605 975 1634 recon-

197 1661 511 1714 ciliarc==placare

225 1730 246 1771 2.
270 1729 599 1783 piare=laesi0nem
629 1728 865 1770 sanare=iets
894 1728 975 1782 goed

197 1797 321 1848 maken,
350 1803 448 1838 etwas
478 1803 531 1851 gut
560 1795 704 1846 machon,
728 1801 759 1837 to
783 1795 974 1850 makegood

196 1866 297 1920 again.
329 1897 331 1900 >
984 1863 985 1866 ’

226 1933 262 1976 Ex
281 1933 341 1975 hisce
357 1933 443 1975 duabus
458 1932 654 1987 significationibus
671 1932 751 1974 sensim
769 1931 824 1973 aliae
840 1938 906 1986 atque
922 1930 976 1972 aliae

197 2014 336 2045 emanavere.
360 2000 427 2053 Quod
450 2007 473 2043 et
492 2001 545 2054 ipsis
566 2001 632 2042 rebus
648 1999 770 2042 luculenter
786 1999 935 2050 confirmatur,
952 2005 976 2041 ut

197 2069 305 2124 exemptis
320 2069 355 2111 hic
371 2068 497 2120 afferendis,
514 2081 568 2110 mox
584 2068 704 2122 apparebit.

227 2153 245 2179 a.
270 2137 369 2188 Pistre,
394 2135 726 2190 expiarezplacare,
747 2135 940 2189 propitiare

127 2261 128 2264 Ἴ
226 2206 271 2249 Cic.
288 2205 312 2248 iu
334 2205 393 2248 Varr.
408 2204 439 2246 IV
456 2206 496 2246 111
516 2203 745 2246 Centuripina...
762 2203 976 2258 eupiaraualabant;

197 2274 224 2317 de
247 2276 289 2329 leg>
312 2273 330 2314 ΙΙ
345 2274 374 2316 63
397 2274 468 2315 saturn
487 2270 599 2326 frugibus
619 2271 735 2326 rapiaturu
756 2268 793 2327 (z
802 2277 860 2313 terra
876 2271 975 2327 frugibus

197 2340 300 2396 placata).

226 2409 303 2455 Horat.
327 2410 400 2464 Epist.
424 2409 441 2450 Ii
458 2413 477 2450 1.
496 2409 537 2450 143
564 2407 671 2451 Tellurem
689 2406 902 2463 purca'Siluauum
918 2408 976 2449 lacta

193 2477 297 2532 piabant.

226 2545 273 2587 Liv.
297 2545 326 2586 IX
344 2547 363 2588 1.
380 2546 393 2587 3
417 2544 532 2599 expiatura
549 2550 586 2595 ast,
604 2543 740 2598 quidquid..
752 2573 772 2585 ..
789 2542 876 2585 irarum
895 2542 918 2585 iu
935 2556 975 2585 nas

197 2613 321 2656 coelestiana
334 2612 391 2667 fuit.

228 2680 292 2724 Ouid.
315 2680 365 2723 Art.
388 2678 438 2723 Aru.
462 2681 529 2724 1649
552 2686 703 2735 naturastratqur
722 2679 845 2734 piari...
861 2679 974 2733 sanguiue

194 2757 260 2804 passe
280 2748 364 2800 loun
387 2748 450 2791 Fast.
466 2748 475 2790 Ι
490 2750 533 2791 318
550 2748 621 2790 Ianus
636 2748 730 2802 agauali
743 2749 791 2790 auu
803 2746 906 2801 piandus
922 2747 972 2790 erit.
