2051 3214
236 327 260 369 In
291 326 389 369 iestis
420 326 535 369 diebus
567 327 779 370 celebrandis
810 327 906 370 Romani
936 340 987 369 cum

207 401 283 438 essent
306 395 434 446 cautissimi,
460 395 527 438 etiam
551 396 655 438 feriarum
679 395 771 450 pollutio
793 395 844 438 licet
864 397 892 438 ab
908 396 990 448 impru-

207 465 275 506 dente
297 463 418 505 commissa
440 462 527 515 piaculo
549 472 596 506 erat
617 464 706 506 luenda.
722 464 794 506 Varro
811 464 838 505 dc
854 465 868 505 l.
886 464 899 505 l.
915 462 946 504 VI
961 464 990 505 30

204 537 297 587 practcr
311 530 351 586 qui
366 537 413 572 tum
430 528 476 585 (dic
492 530 590 587 ucfastc)
603 531 674 586 salus
689 539 728 583 cst,
745 532 768 574 si
783 532 914 587 imprudcus
925 529 990 584 sccii,

204 598 323 655 piaculari
337 597 411 641 hostia
422 597 491 652 facta
503 599 591 654 piatur,
609 600 640 641 VI
655 600 683 643 53
695 599 826 654 fastidies,
841 599 990 654 quibusccrta

207 668 274 710 acrba
290 666 392 721 legitima
408 664 444 723 (cla
460 666 508 708 alica
525 667 614 724 addico)
630 668 680 710 siuc
691 668 783 724 piaculo
790 667 931 723 praetoribus
940 666 992 709 licet

205 735 261 790 fari
268 748 274 785 ;
291 735 318 777 ab
334 735 372 776 lmc
389 734 481 788 nefasti,
498 735 579 790 quibus
595 736 673 778 dicbus
689 751 715 779 ca
726 736 782 790 fari
796 736 833 777 ius
849 749 892 777 ucu
909 740 954 776 cst:
970 741 992 777 cl

207 804 229 847 si
245 802 298 857 fati
316 809 372 844 suut
383 803 500 858 piaculum
513 802 614 857 saciuut.
630 805 728 847 Macrob.
746 804 794 847 Sat.
810 804 819 845 Ι
836 805 869 846 16.
888 805 915 846 19
931 803 992 844 sicut

213 872 282 915 Varro
298 871 323 914 iu
338 885 452 925 augurum
468 871 534 914 libris
549 872 630 915 scribit
644 873 668 915 iu
684 874 736 915 lcacc
752 871 991 914 acrba:‘circsuccarc

204 939 279 995 scriis
294 953 338 982 acu
354 945 443 993 oportet,
460 939 482 981 si
497 940 590 993 uacauit,
603 941 721 996 piaculum
738 941 795 983 cstc’.
812 940 873 984 Serv.
887 941 909 981 in
922 939 990 993 Verg.

210 1006 289 1062 Gearg.
312 1007 320 1048 I
341 1004 385 1050 270
408 1010 464 1049 saue
487 1008 602 1050 scicuclum
626 1009 746 1051 secuudum
776 1008 894 1051 Varrcucm
915 1013 991 1049 cculra

208 1076 340 1131 rcligiaucm
357 1089 409 1126 csse,
427 1077 463 1118 uel
476 1075 499 1117 si
513 1076 639 1131 irrigentur
653 1076 712 1131 agri,
722 1074 991 1119 aellaucuturauimalia

204 1143 277 1198 sestis
305 1143 395 1185 dicbus:
424 1143 543 1197 lmmpuac
567 1144 625 1186 cuim
648 1132 704 1187 sluc'
716 1145 808 1199 piacula
831 1159 874 1187 ucu
894 1149 992 1198 passum

210 1212 300 1255 moueri.
322 1210 377 1253 Gell.
400 1210 429 1254 N.
445 1210 473 1255 A.
492 1212 591 1254 1128.2
615 1219 698 1254 uctcrcs
713 1212 853 1255 Ramaui...
871 1212 895 1255 iu
911 1210 990 1253 causti-

210 1280 300 1323 iueuclis
316 1278 477 1333 religionibus.
488 1313 506 1321 ..
523 1280 649 1322 castissimi
663 1280 838 1335 cautissimiquc,
855 1280 894 1321 uli
907 1286 990 1322 terram

207 1348 302 1392 ruavissc
332 1354 456 1398 senseram,
481 1349 639 1391 uuutialumvc
661 1355 716 1400 crat,
737 1348 871 1403 scriasu..
896 1347 990 1399 imperu-

208 1418 306 1459 baul...
332 1430 370 1458 cas
388 1414 472 1469 scrius,
497 1417 520 1458 si
541 1416 593 1472 quis
611 1416 733 1472 palluisset
744 1417 877 1471 piaculaque
892 1416 916 1456 ab
931 1414 989 1456 lauc

208 1499 254 1528 rcm
271 1491 325 1540 cpus
341 1490 404 1534 esset,
422 1484 517 1527 msuam
532 1485 562 1526 'si
577 1486 621 1536 dcc,
639 1486 661 1527 si
675 1486 736 1527 dcae'
755 1485 905 1535 immolabant,
923 1482 990 1538 idque

207 1552 241 1595 ila
265 1566 293 1595 erc
317 1553 401 1594 dccrctc
420 1552 554 1607 pautificum
571 1553 710 1596 obseruatum
726 1567 773 1595 esse
788 1553 820 1596 M.
842 1553 911 1595 Varro
927 1551 989 1593 dicit.

206 1620 305 1664 Macrob.
330 1620 377 1663 Sat.
400 1620 408 1661 I
433 1622 495 1664 lul
520 1620 601 1663 bellum
625 1621 787 1664 Saturnalibus
811 1634 897 1663 sumcrc
922 1619 988 1673 ucfas

207 1688 313 1740 lubitum,
333 1694 420 1743 paruas
442 1702 456 1730 a
480 1695 568 1730 uaccrclc
588 1689 659 1731 isdem
675 1690 753 1732 dicbus
769 1690 857 1744 erigere
869 1688 989 1744 piacularc

206 1764 244 1808 cst,
261 1757 270 1797 I
287 1757 320 1799 15.
337 1758 364 1798 21
387 1756 506 1799 Kalcudas
521 1757 600 1799 Ncuas
616 1764 638 1798 cl
651 1757 707 1799 [clus
722 1757 856 1812 religiosas.
867 1788 886 1799 ..
902 1770 989 1799 ccusuc-

206 1831 273 1875 ruul;
289 1824 314 1866 m'
329 1824 387 1867 euim
403 1825 452 1867 dics
464 1831 556 1880 practer
570 1825 650 1868 Ncuas
661 1825 747 1879 feriali
761 1832 821 1877 sum,
834 1825 988 1880 fcriisautcm

206 1893 251 1936 aim
275 1892 379 1948 cuiquam
398 1892 456 1946 ficri
474 1893 594 1948 piacularc
617 1901 656 1938 cst.
680 1895 748 1936 Festo
771 1896 831 1949 quod
852 1907 898 1936 non
914 1899 989 1947 potest

206 1962 280 2004 iterari
294 1962 428 2013 intermisso,
444 1962 556 2014 piaculum
572 1968 711 2004 contractum
727 1968 767 2013 est,
784 1968 842 2004 teste
858 1962 935 2004 Servio
951 1961 988 2015 qui

206 2031 234 2072 ad
258 2029 341 2084 Vergil.
362 2029 417 2071 Aea.
439 2029 488 2071 VIII
505 2031 547 2072 173
569 2044 648 2073 auuua
663 2044 720 2085 quac
736 2030 830 2084 differre
845 2028 918 2083 ursas,
936 2030 987 2070 cclc-

206 2098 269 2140 brate
286 2096 400 2151 sacculis,
423 2099 478 2140 haec
500 2105 593 2141 annotat
615 2098 775 2141 arruiucrsaria
791 2097 921 2152 sacrificia:
938 2097 953 2139 i.
969 2109 986 2138 c.

206 2165 320 2216 salemuia,
345 2164 393 2207 idco
409 2179 453 2213 παπ
470 2165 617 2220 afferuntur,
634 2166 689 2221 quia
705 2179 742 2207 ucc
756 2165 837 2208 iterari
846 2171 956 2219 passuul.
966 2195 987 2206 ..

206 2248 258 2276 uam
282 2232 432 2285 Kalcua'ariu,
456 2234 479 2275 si
502 2247 547 2289 qua
567 2233 661 2287 fucriut
681 2234 769 2276 ralicuc
789 2232 871 2284 dilata,
892 2238 989 2287 passuut

194 2301 275 2356 ,repeti
297 2315 335 2343 uec
355 2301 472 2355 piaculum
489 2315 563 2344 rurum
579 2301 745 2344 iutcrmissiauc
760 2301 912 2343 committitur.
930 2299 986 2342 Cum

206 2371 286 2424 quibus
310 2369 447 2412 conferenda
470 2376 522 2412 sunt
546 2371 613 2412 verba
633 2370 681 2412 Liv.
703 2369 798 2411 XXXIX
815 2371 879 2411 18,8
901 2368 988 2424 siquis

206 2440 251 2480 talc
273 2451 362 2480 sacrum
386 2440 481 2480 sclcmuc
505 2444 526 2479 ct
541 2438 691 2480 ucccssarium
707 2437 801 2487 duceret,
819 2450 857 2478 ucc
872 2436 922 2478 sirac
936 2435 987 2478 reli-

202 2506 270 2561 gicuc
293 2512 314 2548 ct
332 2505 423 2561 piaculo
446 2520 470 2548 sc
490 2505 517 2547 id
535 2505 634 2549 omittere
646 2513 718 2561 passe,
733 2505 797 2560 apud
808 2511 933 2560 praetorem
950 2518 986 2546 ur·

205 2574 287 2616 luuum
299 2573 447 2629 profiteretur
457 2571 480 2628 1).

229 2740 246 2785 1)
258 2740 345 2776 Lactant.
365 2741 389 2776 ad
408 2738 455 2775 Stat.
478 2737 530 2773 Tua.
549 2739 591 2774 VIII
604 2741 638 2775 437
652 2737 730 2784 (Matris
746 2736 842 2782 Tamum)
856 2748 897 2772 cum
911 2738 986 2772 simula-

204 2807 256 2831 crum
275 2796 295 2831 iu
313 2795 413 2830 Lucaniam
432 2794 512 2830 delatum
527 2794 601 2840 fuissit,
614 2805 636 2828 uc
649 2794 698 2840 quccl
704 2793 801 2839 piaculum
814 2796 920 2829 uasccrciur
931 2793 987 2829 iuter-
