2051 3214
415 72 457 115 135

42 169 99 241 han-c
122 199 251 242 libationem
275 199 333 242 bene
356 198 455 241 ostendit
478 198 584 242 Horatius
608 198 681 254 Epist.
706 199 723 240 ll
746 200 825 241 1.143

43 268 104 310 hisce
120 268 204 310 verbis:

106 362 126 404 T
123 363 214 405 errarem
227 367 298 416 porco,
316 360 437 404 Silvanum
453 362 510 403 laete
530 367 547 416 p
557 362 567 403 z'
574 376 588 403 a
597 362 609 403 b
618 376 632 403 a
641 375 656 403 n
666 367 680 403 t.

73 455 113 496 Vis
137 461 211 497 autem
227 454 382 509 propitiatoria
398 454 498 496 sacrificii
512 455 556 497 abt
568 455 678 510 prolapsi,
695 455 755 509 quod
774 454 826 496 Lari

44 524 118 574 fiebat,
140 536 180 577 per
204 536 228 564 se
251 522 317 576 plane
341 528 440 576 apparet.
462 522 508 565 Neo
531 524 595 566 aliter
611 524 732 566 dicendum
748 529 782 564 est
798 523 826 564 de

47 591 127 634 Terrae
140 590 269 645 piamentis,
287 604 344 645 quae
360 589 429 632 refert
444 590 527 633 Plinius
543 592 573 634 N.
589 592 619 633 H.
632 592 698 633 XXV
706 593 734 633 30
743 598 765 633 et
776 590 825 633 107.

45 659 144 714 Utroque
167 660 216 701 loco
237 660 304 701 verba
328 658 408 700 Terrae
420 659 562 714 piamentum
579 660 609 701 nil
625 660 685 702 aliud
701 660 826 715 significare

43 741 110 780 posse
127 727 168 768 nisi
184 728 216 769 ad
231 733 314 769 terram
327 727 472 784 placandam
484 740 551 770 nemo
568 741 612 769 non
628 728 695 770 videt.

145 886 161 918 3.
177 893 204 920 Du
220 892 385 920 LUSTRATIONUM
401 892 427 919 ET
443 892 578 921 PIACULORUM
594 892 722 921 DISCRIMINE.

73 1004 195 1060 Explorate
218 1004 356 1062 piaculorum
380 1012 459 1047 natura
482 1012 549 1060 atque
570 1012 631 1048 recte
651 1006 720 1056 finita,
741 1017 824 1057 operae

42 1075 138 1128 pretium
160 1075 201 1115 erit
217 1074 334 1128 inquirere,
351 1074 404 1127 qnid
420 1074 462 1115 sibi
478 1073 531 1116 velit
546 1073 656 1116 lustratio.
673 1072 763 1127 Duplex
779 1079 824 1113 est:

43 1142 106 1184 alteri
129 1142 188 1184 enim
205 1141 334 1184 naturaliter
350 1142 382 1183 vis
397 1142 457 1184 inest
472 1131 660 1197 purgativa,
677 1153 823 1183 averrun-

1 1210 3 1212 ’
43 1223 117 1252 cans
133 1209 203 1251 alteri.
219 1209 253 1251 De
268 1216 364 1263 utroque
380 1209 535 1252 lustrationum
550 1223 632 1264 genere
647 1209 824 1264 insequentibus

42 1279 162 1332 separatim
179 1278 244 1320 nobis
261 1278 302 1319 erit
318 1277 437 1320 dicendum
448 1275 471 1333 ¹).

133 1419 153 1446 a.
176 1404 217 1446 De
241 1404 503 1447 lustrationibus
527 1405 741 1459 purgatoriis.

71 1515 201 1570 Purgatoria
223 1514 325 1556 lustratio
348 1514 472 1568 generatim
495 1514 620 1567 purificatio
644 1520 678 1556 est
701 1528 714 1555 a
730 1512 823 1555 maculis

41 1584 146 1634 externis,
171 1596 228 1636 quae
248 1583 272 1625 fit
288 1588 393 1625 contactu
410 1582 517 1624 materiae
533 1584 568 1624 oui
584 1584 615 1624 vis
633 1583 691 1625 inest
706 1582 823 1636 purgandi,

42 1664 143 1706 quaeque
158 1650 261 1692 lustratio
276 1650 406 1704 plerumque
422 1650 600 1703 purificationem
616 1651 710 1706 legalem
727 1651 761 1693 uel
775 1663 822 1692 mo-

25 1708 26 1713 *
40 1719 109 1761 ralem
125 1719 235 1761 internam
251 1717 366 1772 significat.
376 1717 483 1759 Materiae
491 1725 566 1760 autem
575 1727 697 1773 purgantes
704 1719 823 1772 praecipue

41 1794 102 1843 sunt:
120 1801 177 1842 aqua
193 1786 284 1839 sulphur
299 1786 362 1839 ignis.
375 1785 406 1827 Ut
419 1786 523 1840 exempla
531 1788 642 1841 quaedam
651 1787 742 1829 afferam
751 1801 755 1828 ;
765 1799 823 1841 aqua

9 1885 10 1889 ,
35 1855 176 1898 lustrabatur
199 1861 251 1896 ante
275 1854 381 1895 sacrificia
405 1861 427 1895 et
447 1867 537 1908 preees;
559 1855 690 1910 plerumque
706 1856 756 1897 viva
772 1869 822 1896 esse

41 1924 138 1966 debebat
148 1920 177 1978 2);
201 1923 215 1964 ii
230 1936 319 1977 quoque
335 1922 372 1976 qui
388 1936 400 1963 a
415 1922 493 1964 funere
509 1923 628 1975 redierant,
644 1938 702 1978 aqua
718 1936 822 1978 asperge·

41 1994 128 2043 bantur,
145 1991 172 2034 ei.
188 1990 248 2032 Paul.
265 1991 288 2032 M
304 1992 316 2032 3
332 1990 351 2031 L
368 1991 381 2031 3
397 1997 420 2032 et
436 1990 519 2046 Vergil.
535 1990 590 2032 Aea.
610 1991 641 2033 Vl
657 1993 700 2034 229
716 2005 767 2033 oum
784 2005 823 2033 an-

40 2060 156 2102 notatione
179 2059 260 2110 Serum
281 2059 331 2100 vivo
347 2058 452 2111 sulphure
467 2058 620 2101 lustrabantur
636 2048 690 2101 oves
706 2059 822 2111 Parilibus,

40 2135 98 2170 teste
121 2127 202 2170 Ouidio
224 2127 287 2169 Fusa
309 2126 339 2167 lV
360 2126 413 2178 7393
436 2126 464 2167 de
485 2140 509 2168 re
533 2128 637 2169 universa
653 2141 722 2183 agens
738 2128 821 2170 Plinius

40 2196 69 2238 N.
86 2196 115 2237 H.
131 2195 216 2237 XXXV
233 2194 274 2236 177
291 2195 318 2236 de
334 2193 439 2246 sulphure
454 2194 509 2236 haec
525 2196 604 2238 tradit:
621 2195 688 2238 habet
702 2203 724 2237 et
736 2196 821 2238 arren-

36 2264 145 2318 ga'oaa'bas
159 2265 229 2305 lucana
245 2263 277 2304 ad
291 2262 420 2317 expiandas
435 2262 522 2317 suffita
539 2265 625 2316 d0m0s;
639 2265 685 2319 igni
697 2272 821 2319 purgantur

39 2340 87 2374 tum
110 2346 164 2375 oues
187 2340 233 2374 tum
255 2333 303 2385 ipse
318 2339 395 2384 pastor
411 2330 526 2382 Parilibus,
542 2339 566 2375 ut
582 2339 660 2374 auctor
676 2339 711 2374 est
727 2333 820 2375 Ovidius

39 2401 102 2443 Fast.
119 2400 149 2441 lV
165 2399 214 2450 727,
231 2399 281 2449 781,
298 2399 348 2449 786,
366 2399 421 2451 8053
437 2406 488 2452 post
504 2400 582 2442 funera
598 2414 688 2455 quoque
700 2401 757 2455 ignis
770 2414 821 2454 pur-

39 2470 99 2524 gatio
114 2469 252 2522 praescripta
268 2474 321 2519 erat,
338 2467 367 2509 cf.
382 2468 443 2510 Paul.
459 2468 481 2510 M
497 2469 561 2511 3L3
578 2469 654 2524 itaque
661 2468 820 2524 saraasprose-

64 2627 80 2673 1)
93 2629 124 2663 De
142 2628 196 2663 vocis
214 2628 356 2673 significatione
374 2638 414 2662 non
434 2638 476 2675 ago.
497 2627 525 2664 Cf.
545 2628 581 2664 hac
600 2628 625 2663 de
644 2639 665 2663 re
685 2628 738 2671 Otto,
754 2627 820 2663 naara.

40 2684 96 2726 Mus,
109 2684 135 2719 N.
148 2684 176 2727 F„
189 2683 254 2719 LXXI
266 2682 332 2729 (1916),
346 2694 364 2728 p,
378 2686 399 2718 17
413 2694 448 2729 sq„

63 2739 80 2785 2)
93 2740 153 2777 Multa
169 2741 281 2777 testimonia
297 2740 376 2785 collegit
387 2739 572 2785 Marquardt-Wiss.‚
586 2740 609 2775 R.
622 2740 647 2775 St.
666 2740 691 2783 V„
704 2741 734 2785 lll,
747 2752 765 2788 p⁴
779 2743 819 2777 175.
