2051 3214
539 137 581 178 114

167 262 187 303 2.
205 261 228 304 Si
244 274 332 305 sacrum
356 263 503 305 commissum
519 269 554 306 est
568 264 639 306 iustas
655 264 684 306 ob
701 276 780 311 causas
796 264 882 318 absque
899 261 952 306 dolo

205 331 264 373 malo
281 343 322 373 nec
335 331 396 384 prius
412 331 435 372 di
450 329 533 384 placari
548 333 673 385 potuerint:

282 398 401 454 piaculuru
418 398 491 453 operis
502 398 601 454 perfecti
614 397 785 456 requiritursp.
801 400 830 443 95
846 397 897 455 so).

167 469 187 510 3.
204 467 228 510 Si
255 481 343 510 sacrum
372 468 517 510 commissum
547 469 581 510 est
604 470 627 510 in
651 483 674 510 re
697 469 758 523 gravi
781 483 794 510 a
818 468 951 523 magistratu

204 536 321 578 sacerdote
337 536 386 587 civi,
402 536 433 577 ita
448 542 473 576 ut
489 536 614 590 respublica
630 538 663 579 dis
679 537 757 579 timeat
773 536 846 578 iratis:

286 603 434 659 iurupiubilis
450 610 485 645 est
497 604 649 659 magistratus
664 605 768 647 sacerdos
780 604 850 655 ciuis;

285 672 412 728 respublica
423 671 487 725 surii
498 672 589 727 piaculo
598 673 660 716 sucri
667 674 694 715 ub
704 673 844 728 imprudente
852 678 873 714 rt
880 672 951 715 iussio

285 741 367 796 ubsque
383 741 431 783 dolo
447 742 505 783 urulu
521 741 634 784 curruuissi
649 740 678 798 (p.
695 741 723 783 87
740 738 788 797 sq.).

166 812 187 852 4,
204 809 228 852 Si
243 822 332 851 sacrum
346 810 533 852 committendum
547 816 580 852 est
596 812 625 852 ob
635 811 692 852 vitae
701 810 818 852 utilitatem
827 816 951 864 urgentem,

204 879 299 920 deorum
330 878 421 928 cultum,
450 878 574 932 graviorem
604 878 732 934 religionem
760 888 783 919 et
811 878 875 919 adest
899 891 951 919 vera

203 947 338 988 necessitas:

283 1014 402 1069 piuculruu
419 1016 466 1069 lege
482 1028 526 1056 uou
541 1014 666 1069 requiritur
681 1013 711 1072 (p.
726 1012 772 1070 90).

166 1084 187 1126 5.
203 1082 227 1125 Si
247 1096 337 1125 sacrum
361 1084 549 1125 committendum
573 1090 607 1124 est
627 1083 708 1125 iustam
725 1082 790 1124 aliam
806 1083 835 1124 ob
852 1095 949 1134 causam,

204 1153 245 1194 sed
261 1164 307 1194 non
323 1152 386 1194 adest
404 1164 456 1193 vera
471 1152 607 1210 necessitas:

225 1234 247 1262 u.
262 1219 286 1262 Si
302 1220 374 1274 agitur
390 1221 419 1262 de
434 1233 498 1262 sacro
512 1219 595 1261 leviore
611 1226 633 1261 et
649 1220 763 1261 breviore:

283 1288 401 1343 piaculum
418 1287 491 1343 operis
501 1287 608 1341 fucirudi
623 1288 748 1343 requiritur
763 1285 792 1343 (p.
809 1288 838 1330 90
855 1290 905 1343 sq.).

225 1357 244 1397 b.
261 1356 285 1398 Si
301 1358 374 1412 agitur
390 1357 418 1399 de
435 1370 499 1398 sacro
516 1357 616 1411 graviore
633 1364 655 1398 et
672 1356 823 1398 diuturniore:

284 1438 375 1467 sucruru
391 1424 519 1467 includitur
531 1424 622 1479 piaculo
639 1424 711 1478 operis
718 1423 826 1477 fucirudi
833 1423 949 1477 etpiuculu

284 1493 357 1547 operis
369 1491 466 1547 perfecti
480 1491 510 1549 (p.
528 1494 570 1535 105
586 1490 635 1548 sq.).
