2051 3214
591 107 618 148 18

211 230 340 285 expiandas
359 238 425 287 saepe
439 231 528 274 cercsnit
537 229 565 287 ¹),
583 231 608 274 in
623 231 697 274 Pison.
715 232 743 274 85
760 237 800 273 tna
816 233 899 274 scelera
915 230 963 273 dii.
975 264 978 272 .
989 242 1008 274 .·

210 299 235 341 in
259 305 344 341 nostros
368 299 453 342 milites
474 300 636 354 expiaverunt,
652 300 677 342 in
699 299 759 344 Verr,
775 299 783 340 I
800 301 813 342 8
829 299 994 354 religiones...

211 366 339 421 expiandae
354 374 376 408 et
389 367 472 410 cininm
488 368 640 411 Romanorum
654 368 775 418 crnciatns,
789 367 820 409 IV
830 370 869 410 111
880 381 994 410 sacrornm

211 441 350 486 vetustatem,
363 434 422 489 fani
436 435 567 491 religionem
584 436 653 479 istins
663 471 667 478 .
679 470 698 478 ..
714 435 824 491 supplicio
840 436 995 491 eripiarinole-

211 497 278 554 b'ant;
293 504 321 545 de
335 504 385 547 liar.
401 511 457 559 resp.
476 504 504 547 35
521 518 636 550 nomon...
649 504 730 560 popnli
738 503 836 547 Romani
845 493 996 547 tantoscelere

211 571 380 623 contaminavit,
410 579 437 615 nt
464 575 529 616 nnlla
558 587 582 615 re
607 573 686 628 possit,
718 573 765 615 nisi
788 571 862 627 ipsins
886 571 995 626 snpplicio

212 640 309 694 enpiari.
626 690 627 693 Ἴ

241 706 305 751 Caes.
322 708 349 750 B.
369 707 394 750 G.
411 709 459 751 VIII
475 711 511 753 48.
529 712 542 752 8
559 709 650 764 expiato
666 724 705 752 sno
721 710 801 752 dolore.

242 773 311 833 [Sall]
328 777 360 819 ad
377 776 438 819 Caes.
455 780 468 820 3
484 777 598 833 sangnine
612 778 747 833 sangninem
764 778 910 832 expiandam.

241 845 320 888 Horat.
343 843 382 889 Od.
393 847 408 887 I
424 847 445 888 2.
462 848 490 890 19
505 846 543 888 cni
558 846 624 888 dabit
635 853 715 901 partes
729 848 801 889 scelns
817 845 928 900 enpiandi
944 845 994 899 Inp-
1015 863 1016 867 ¹

209 912 288 967 piterl
326 940 328 942 ·

241 982 341 1036 Propert.
365 982 395 1023 IV
412 985 432 1025 3.
448 984 463 1026 9
487 980 579 1025 Crassos
595 983 723 1039 clademque
734 984 804 1038 piato,
820 983 841 1024 V
860 985 879 1024 1.
896 983 924 1025 50
939 996 995 1024 rnra

210 1048 308 1104 pianda,
326 1050 347 1092 V
362 1052 383 1093 9.
400 1051 428 1093 55
444 1052 563 1093 metnenda
579 1052 626 1106 lege
637 1051 726 1105 piatnr.

237 1118 306 1182 Quid.
324 1119 376 1160 Met.
393 1118 441 1160 VIII
456 1120 501 1162 483
517 1133 576 1161 mors
592 1125 660 1161 morte
671 1119 762 1174 pianda
778 1126 816 1162 est.

242 1186 291 1228 Val.
315 1186 376 1229 Max.
399 1187 489 1229 11.13
510 1186 566 1241 pari
588 1186 690 1229 vindicta
710 1193 831 1241 parentam
855 1199 881 1228 ac
905 1179 995 1228 deornm

213 1243 306 1297 violatio
330 1254 446 1309 expianda
470 1261 508 1305 est,
525 1254 601 1297 V112.
619 1258 632 1298 5
648 1254 812 1297 animadvertit
825 1268 866 1309 qno
879 1260 945 1309 pacto
961 1253 995 1295 in-

213 1321 276 1364 inria
296 1321 440 1377 imperatoris
463 1322 579 1365 vindicari
601 1323 692 1375 deberet,
708 1323 893 1378 quemadmodnm
909 1322 995 1364 violata

213 1389 294 1444 religio
309 1389 426 1444 enpianda
437 1390 505 1444 foret.
722 1423 723 1426 η

242 1457 295 1499 Plin.
313 1457 342 1500 N.
359 1457 389 1499 H.
405 1458 495 1500 XXXIII
512 1459 555 1500 144
570 1472 627 1513 qnae
641 1458 717 1501 omnin
732 1458 836 1513 expiavit
850 1458 937 1500 bollnm.

242 1525 321 1568 senec.
346 1523 398 1569 Oed.
422 1526 464 1568 247
482 1541 541 1569 nnnc
557 1526 660 1582 enpiotnr
675 1527 793 1569 nnminnm
810 1526 902 1580 imperio
917 1528 995 1568 cerins.

242 1593 299 1636 Stat.
318 1594 381 1637 roeo.
397 1594 427 1636 IX
443 1595 472 1637 60
487 1594 546 1636 lenm
561 1602 630 1637 morte
641 1595 716 1649 piabo.

243 1662 280 1706 Sil.
304 1663 350 1706 Ital.
374 1663 414 1704 VII
429 1663 472 1705 487
493 1663 616 1718 palrniqne
636 1663 713 1717 piabit
732 1663 791 1705 idem
807 1665 867 1705 nltor
878 1661 996 1717 patrisqne

212 1744 290 1782 necem,
313 1731 365 1772 XIV
382 1732 424 1773 154
447 1745 515 1773 casns
530 1731 553 1787 (i.
563 1746 581 1774 e.
599 1733 716 1783 cruciatus,
732 1746 788 1786 quos
805 1738 851 1773 erat
867 1729 995 1784 perpessus)

210 1798 298 1854 piabat.

242 1867 301 1911 Flor.
317 1868 327 1909 I
342 1869 362 1911 6.
380 1870 393 1910 3
409 1869 485 1911 clades
501 1868 631 1924 ingentibus
647 1868 740 1924 expiato
755 1867 863 1912 victoriis.

227 1931 317 1978 'lustin
333 1935 382 1978 VIII
398 1937 418 1978 2.
435 1937 449 1978 6
464 1937 522 1992 qnod
538 1936 597 1979 orbis
609 1936 700 1979 'viribns
715 1936 806 1991 copiari
821 1931 938 1978 debnisset.

242 2004 301 2046 Paul.
320 2004 344 2046 M
359 2005 388 2047 66
404 2005 423 2046 L
439 2004 467 2047 57
484 2011 553 2059 capnt
567 2004 684 2048 violatoris
700 2004 814 2059 enpiatnr.

242 2073 319 2115 Nazar.
345 2073 369 2114 in
393 2073 442 2115 loon.
468 2073 540 2116 Const.
558 2074 594 2125 32,
610 2088 631 2128 p.
648 2074 690 2116 237
707 2073 785 2115 Baehr.
801 2073 995 2127 spectaenlnm...

208 2139 303 2194 saneris
318 2140 427 2195 expiaret.

242 2208 327 2251 Auson.
348 2208 424 2251 Teclen.
440 2209 489 2251 VIII
506 2211 540 2261 11,
557 2223 577 2264 p.
596 2211 635 2252 161
651 2210 728 2263 Peiper
737 2209 878 2263 piasdinnm
888 2206 994 2256 ininrias,

213 2276 328 2318 nocticolor
344 2276 409 2330 Stra.

242 2344 337 2400 August.
363 2346 390 2386 de
413 2351 477 2399 nnpt.
499 2352 520 2387 et
542 2345 663 2400 concupisc.
679 2346 696 2387 II
712 2346 741 2388 43
757 2344 826 2400 (XLII
841 2346 883 2387 461
901 2342 933 2400 M)
947 2350 995 2398 pec-

213 2412 265 2463 cati,
283 2414 386 2468 qnod...
402 2414 510 2468 rapiatnr
526 2414 550 2456 in
566 2421 694 2456 renascente
699 2427 706 2463 ,·
720 2415 747 2455 de
760 2420 806 2456 nat.
821 2420 842 2455 el
851 2419 913 2467 grat.
925 2413 958 2453 18.
967 2412 996 2453 20

214 2478 295 2536 (XLIV
310 2482 354 2524 256
371 2479 403 2538 M)
420 2482 535 2537 expianda
552 2495 598 2524 esse
610 2488 702 2536 peccata
717 2481 841 2524 commisso.

198 2742 199 2745 ,
237 2706 254 2750 1)
267 2707 326 2742 Notio
339 2705 413 2741 allionis
425 2707 494 2743 abesse
507 2707 583 2742 videtur
595 2707 614 2741 In
627 2706 672 2742 Ioco
685 2705 785 2741 Ciceronis
798 2705 820 2740 de
832 2704 873 2740 tar.
881 2706 995 2750 resp.11,de

215 2772 254 2807 quo
268 2763 342 2809 egimus
355 2773 399 2808 pag.
413 2764 435 2798 16
448 2764 484 2798 sub
497 2773 513 2797 c.
1024 2766 1025 2769 ’
