2051 3214
464 111 542 177 55¹

90 272 111 309 et
133 261 251 319 genuinam
275 267 323 303 tunt
346 274 370 302 re
391 261 440 314 ipsa
461 261 602 315 perspicuum
619 268 653 304 est
669 268 716 304 tum
733 262 869 314 approbatur

14 338 15 341 ’
90 330 216 377 testimonio
241 329 305 372 Gellii
329 328 358 371 N.
379 328 407 372 A.
431 328 462 370 IV
483 330 504 372 6.
528 331 541 372 5
565 330 713 373 succidaneae
735 331 868 384 appellatae,

88 400 191 458 qnoniam
205 397 227 439 si
238 397 323 452 primis
339 397 419 440 bostiis
431 396 522 440 litatum
537 412 580 441 aaa
589 405 644 450 erat,
653 398 715 441 aliae
720 398 869 452 pasteasa'em

8 499 21 516 2
89 470 168 513 ductae
189 465 275 507 hostiae
290 466 450 508 caedebantur:
466 480 523 521 qaae
537 467 591 521 quia
603 466 720 521 prioribus
736 465 781 508 iam
798 465 870 507 caesis

90 535 167 582 luendi
185 533 276 589 piaculi
293 534 374 588 gratia
397 534 549 576 subdebantur
569 541 590 577 et
605 534 783 586 succidebantur,
800 532 869 576 sacci-

24 609 25 612 ’
90 606 174 648 baneae
186 594 320 644 nominatae.
335 602 399 657 Quae
411 603 556 644 succidaneae
569 603 655 645 hostiae
664 602 762 645 definitio
770 616 797 644 eo
806 601 870 644 valde

89 673 201 728 probatur,
225 672 286 725 quod
309 684 354 713 non
378 677 464 713 tantum
488 684 572 722 vocem,
597 672 637 713 sed
654 678 676 713 et
692 684 738 712 rem
755 678 822 726 atque
838 670 869 711 rei

90 740 196 794 originem
226 738 329 792 explicat,
358 739 442 781 scilicet
464 740 559 782 hostiam
583 740 656 782 iterari
681 739 760 782 luendi
777 738 870 795 piaculi

89 822 164 859 causa,
189 808 212 850 id
235 815 269 850 est
293 807 317 848 ob
340 821 429 849 sacrum
445 807 591 850 commissam.
608 807 678 850 Addit
694 815 768 850 autern
785 807 869 851 Gellius

89 876 130 918 alia
153 876 263 930 quaedam
287 876 315 917 de
339 874 570 932 litatione,vquae
593 876 699 931 quoniam
723 890 736 918 a
757 875 869 919 nonnullis

90 945 139 987 viris
162 944 234 986 doctis
258 957 303 986 non
327 950 387 986 recte
402 942 559 998 intelliguntur,
575 943 669 997 amplius
685 945 801 987 tractanda
817 949 869 986 sunt

18 1007 19 1010 ¹
90 1019 111 1054 ot
127 1011 264 1065 explicanda.

118 1077 236 1135 Blecher1)
252 1081 284 1122 vir
300 1081 442 1131 doctissimus
459 1088 577 1136 postquam
594 1081 658 1124 claris
672 1081 744 1122 verbis
757 1080 868 1134 exposuit,

89 1149 141 1203 quid
165 1148 308 1203 extispicium
332 1149 354 1191 in
375 1150 478 1192 Romano
494 1151 543 1200 ritu,
560 1150 613 1205 quid
629 1148 712 1191 valeret
727 1150 749 1190 in
766 1148 869 1199 Etrusco,

90 1218 119 1258 ita
142 1217 226 1271 pergit:
251 1216 290 1271 „Sc
311 1224 368 1259 recte
389 1217 463 1277 abbae
479 1218 633 1268 conclusimus,
649 1217 746 1260 Arvales
763 1217 782 1259 ii
796 1222 867 1267 erant,

89 1283 128 1339 qui
142 1284 229 1326 bostiue
244 1285 394 1339 inspiciebant
409 1291 461 1328 eata
478 1285 633 1337 adbaereutia,
642 1292 724 1327 uttam
734 1284 867 1340 ‘probarent’

88 1352 222 1407 priusquam
246 1354 300 1395 deae
323 1354 433 1407 offerrent.
458 1353 486 1396 Si
508 1367 551 1395 nou
575 1354 696 1408 suffecerat
717 1353 791 1395 bostia
816 1352 869 1395 baic

87 1420 220 1473 probationi,
246 1421 266 1462 b.
283 1435 300 1464 e.
317 1421 339 1463 si
355 1436 398 1464 aon
411 1421 545 1472 elitaverat’,
562 1421 651 1463 omicino
668 1436 711 1463 aon
727 1421 868 1475 afferebatur,

0 1477 18 1527 Α,
90 1500 141 1528 rcum
163 1489 195 1529 ad
209 1488 387 1543 sacrificandam
404 1503 447 1531 noa
463 1484 552 1543 accepta
568 1496 622 1531 erat.
640 1488 708 1530 [mmo
722 1490 796 1530 alteru
811 1502 869 1530 mac-

89 1555 180 1597 tabatur
195 1556 275 1608 nostia,
292 1571 349 1612 qaae
356 1558 477 1600 uocabatur
482 1556 642 1600 ‘succidanea’.
653 1557 718 1610 Quod
721 1556 778 1611 fieri
785 1557 870 1599 solebat

90 1636 158 1677 usqae
174 1625 206 1666 ad
218 1625 362 1668 ‘litationem'
379 1626 399 1667 lc.
410 1640 426 1668 e.
438 1626 513 1668 ‘donec
525 1632 580 1680 apta
597 1626 689 1668 inuncata
705 1631 763 1667 esset
776 1625 869 1667 bostia'.

89 1690 175 1743 Quibus
190 1694 256 1736 rebus
271 1695 439 1737 demonstratur
453 1695 542 1737 nerbara
556 1695 640 1737 ‘litare’
657 1693 804 1749 significare:
815 1700 868 1748 pro-

88 1758 174 1802 bationi
196 1767 218 1802 et
238 1762 336 1816 corporis
356 1769 378 1804 et
400 1768 500 1804 catorum
521 1762 634 1817 sufficere.
657 1761 729 1817 Atque
750 1761 776 1802 id
791 1774 869 1803 aeram

89 1839 140 1878 esse,
162 1829 242 1883 optime
262 1830 395 1872 illustratur
410 1830 483 1872 verbis
498 1830 614 1872 Plinianis
629 1830 666 1883 (N.
683 1830 712 1872 H.
735 1829 793 1871 VIII
805 1830 869 1882 1835:

80 1894 160 1948 ‘'quam
183 1897 208 1938 ob
230 1912 276 1939 rem
300 1894 443 1940 victimarum
463 1898 566 1953 probatio
589 1898 614 1940 in
635 1897 711 1949 uitulo,
735 1903 762 1938 at
776 1895 868 1953 (caucia)

89 1963 210 2006 articulum
231 1966 370 2020 suffraginis
391 1966 519 2021 contingat;
539 1965 636 2008 breviore
653 1979 703 2007 ¹non
724 1965 829 2016 litant’,'’
847 1972 869 2006 et

89 2044 109 2082 p.
126 2032 168 2073 222
192 2033 259 2075 infra:
287 2047 356 2089 ,qaae
378 2034 400 2076 si
419 2041 475 2076 recte
494 2047 518 2076 se
540 2033 626 2084 babent,
653 2033 677 2075 in
701 2032 803 2075 litatione
819 2033 868 2084 illa,

89 2112 144 2152 qnae
167 2107 218 2142 erat
233 2100 313 2154 forma
336 2116 394 2143 inere
413 2102 517 2144 Romania
536 2101 683 2156 probationis,
701 2101 761 2142 situs
776 2107 798 2142 et
813 2102 870 2142 color
939 2151 940 2155 Ἰ

89 2173 189 2210 catorum
213 2169 397 2224 inspiciebantur,
421 2170 479 2224 quael
497 2168 612 2223 facillime
631 2168 689 2222 fieri
707 2169 788 2223 potuit,
814 2170 868 2210 dum

89 2240 142 2276 eata
166 2243 232 2278 erant
254 2237 409 2280 adhaerentia.
433 2237 555 2280 Posteriore
570 2251 629 2288 aeno,
646 2237 704 2291 qaod
719 2236 869 2291 compluribus

90 2303 222 2348 testimoniis
246 2307 309 2349 uobis
333 2306 471 2358 illustratur,
490 2313 608 2361 postquam
630 2305 773 2360 extispicium
789 2307 869 2348 Etrus-

90 2385 162 2416 corum
186 2383 317 2431 acceperant
338 2376 441 2426 Romani,
466 2390 502 2418 res
523 2376 590 2418 aliter
610 2389 633 2417 se
648 2374 719 2417 babet.
737 2374 870 2416 Mactantar

89 2440 176 2493 quidem
193 2457 215 2485 eo
231 2458 313 2499 quoque
329 2450 423 2499 tempore
437 2443 523 2486 bostiae
537 2442 731 2485 succidaneaesed
738 2444 774 2485 uel
781 2443 868 2484 nullam

15 2555 17 2559 v
90 2510 125 2550 ael
139 2512 209 2554 aliam
226 2512 308 2555 babent
322 2512 374 2554 niun.
384 2512 420 2554 Ita
429 2512 523 2554 secando
531 2512 585 2554 bello
594 2510 676 2553 Punico
685 2511 791 2553 Marcello
799 2509 869 2552 sacri-

86 2574 172 2627 fieaute
187 2580 320 2623 laetissimis
335 2580 481 2623 succidaneae
495 2579 554 2621 entis
567 2578 723 2621 omainonilcil
730 2578 869 2620 tribuebatur

90 2642 148 2698 (Lu,
164 2647 261 2690 XXVII
274 2645 316 2698 265
332 2648 391 2691 Plut.
408 2648 478 2690 Marc.
487 2647 518 2693 29
522 2661 529 2698 ;
543 2639 592 2690 Viti.v
606 2647 671 2689 Mau.
685 2647 700 2688 I
710 2644 729 2689 b.
741 2644 771 2702 9).
787 2644 868 2700 Contra

113 2794 130 2840 1)
142 2797 229 2842 Blacher,
243 2799 271 2833 De
283 2798 376 2844 extispicio
388 2797 449 2843 cupita
462 2797 505 2841 tria,
519 2809 538 2843 p.
551 2800 591 2832 221.
