2051 3214
426 120 455 162 59

14 293 15 296 ,
49 249 190 315 popularium
205 253 272 298 coetu,
289 246 344 302 qnia
360 245 421 287 aeter
435 246 462 287 de
476 245 559 301 Serape
572 253 594 288 et
601 246 663 289 Iside
671 244 832 296 constituisset,

15 322 18 346 ³
49 322 151 382 patrarem
174 314 256 357 hebuit
278 320 372 356 senatus
392 327 511 356 censuram
524 329 590 370 quam
607 315 715 369 impetrem
732 312 799 368 vulgi
814 319 836 355 et

6 420 17 444 χ
53 403 104 436 eres
119 383 212 428 testem·
224 382 349 437 prohibuit.

79 452 232 499 immolatione
255 464 308 493 vero
331 451 387 504 ipsa,
411 463 456 492 non
473 449 516 492 alio
532 452 583 502 ritu,
599 451 684 493 hostias
701 450 735 492 dis
752 450 835 492 sacrari

11 538 28 570 f
52 534 72 570 et
92 538 103 566 e
123 520 222 576 profanis
246 525 345 561 sacratas
361 519 414 570 fieri,
432 525 509 560 auctor
524 526 558 561 est
574 518 655 561 Paulus
670 517 694 560 M
711 519 753 560 110
769 518 789 559 L
805 516 833 561 97

17 601 27 616 ³
52 592 163 638 nemeaea
176 594 211 630 est
225 588 291 638 recle,
309 587 335 629 id
349 593 384 629 est
393 586 463 641 ferere
478 586 553 630 molito
569 594 592 629 et
605 588 661 637 sele,
671 586 769 628 testeam
782 592 834 641 per-

8 675 10 718 ‡
51 668 147 718 spersem
163 670 261 699 sacrare.
279 655 355 709 Quare
370 656 483 712 Vergilius
499 656 554 698 Aen.
564 656 603 698 XII
619 656 663 697 213
679 656 778 709 pecudes
794 656 834 696 im-

52 727 142 772 molatas
158 725 202 767 rite
216 730 322 766 sacratas
338 724 385 765 iure
401 725 508 766 nominat.
526 724 600 778 Quam
613 722 775 766 immolationis
789 724 834 765 vim

52 799 68 839 si
87 797 143 837 bene
166 792 308 847 perspexeris
330 792 375 833 iam
397 791 461 834 facile
477 792 593 847 intelliges,
610 805 668 846 quae
684 804 752 833 causa
768 791 834 833 fuerit

0 857 17 879 ⁵
51 877 88 906 cur
103 861 192 904 victima
208 861 226 902 si
242 861 270 902 ab
287 874 325 901 ara
342 860 465 915 effugisset,
481 859 562 914 piaculi
575 867 635 902 esset
648 866 834 901 contractacom-

9 957 11 959 ·
52 931 125 975 missio
142 929 180 985 (cf.
196 927 257 970 Paul.
273 928 295 969 M
311 928 357 969 244
373 928 392 969 L
408 927 467 985 287),
484 935 594 983 captaque
607 928 689 982 effugia
697 934 757 970 esset
765 928 833 970 inter-

4 988 17 1012 ⁷
51 999 141 1042 ficienda
164 996 234 1048 (Serv.
255 997 284 1038 ad
300 996 383 1052 Vergil.
400 996 454 1039 Aen,
471 997 489 1038 Il
507 998 568 1049 104);
586 1010 624 1039 cur
640 1010 669 1038 ex
685 995 754 1038 altera
769 1001 833 1049 parte

9 1059 18 1114 ,3
52 1067 138 1110 minime
162 1065 245 1107 valeret
269 1065 348 1107 eadem
372 1064 415 1116 leX,
440 1066 458 1107 si
473 1066 496 1107 in
511 1066 586 1119 priore
601 1065 735 1119 probatione
751 1063 833 1106 animal

51 1149 93 1177 non
106 1140 165 1176 esset
181 1119 311 1187 acceptum*
324 1131 387 1186 Quae
403 1133 421 1175 si
430 1140 490 1175 recte
499 1146 549 1175 sese
557 1133 647 1184 habent,
655 1133 703 1174 iure
711 1133 832 1175 dicendum

21 1241 27 1245 ,μ
51 1209 89 1253 est,
105 1202 127 1244 in
143 1202 185 1243 ritu
200 1201 303 1243 Romano
319 1201 475 1254 probationem
492 1200 589 1254 priorem
605 1201 636 1242 rei
644 1207 724 1242 natura
732 1201 760 1241 ab
770 1206 833 1241 exto-

5 1289 19 1312 ς
52 1284 97 1312 rum
112 1270 245 1324 probatione
261 1270 423 1323 discrepuisse:
432 1269 509 1323 Itaque
522 1282 573 1311 cum
586 1269 609 1310 in
622 1269 680 1310 extis
688 1268 832 1321 inspiciendis

5 1379 7 1382 ,
52 1344 180 1392 apparuerat
204 1351 259 1379 sana
282 1351 309 1379 ea
332 1351 377 1380 non
400 1351 456 1389 esse,
480 1351 526 1380 non
542 1343 629 1379 tantum
643 1360 672 1366 -
685 1336 717 1378 uti
732 1335 833 1378 Blecheri

13 1407 14 1410 ’
52 1408 117 1448 verba
132 1406 224 1448 afferam
240 1430 269 1435 -
285 1405 359 1447 hestia
375 1420 419 1448 aare
435 1406 531 1457 valebat,
547 1406 588 1447 sed
602 1418 652 1447 cum
666 1418 701 1446 res
710 1404 790 1446 vitiosa
798 1404 832 1446 dis

3 1479 8 1497 ⁵
52 1481 108 1516 esset
126 1474 242 1517 immolata
258 1482 325 1530 atque
340 1482 478 1526 consecrata,
494 1473 605 1528 piaculum
621 1480 669 1515 erat
685 1473 832 1515 commissum

51 1542 107 1584 haud
130 1543 241 1598 exiguum,
258 1544 319 1598 quod
342 1543 415 1585 hostia
438 1556 496 1585 nova
512 1543 639 1584 necessario
655 1541 762 1583 luendum
778 1547 831 1583 erat.

5 1603 17 1608 '¹
51 1610 111 1663 Quae
126 1624 170 1653 una
185 1612 264 1663 hostia,
280 1618 304 1654 ut
319 1612 395 1654 statim
409 1612 540 1663 videbimus,
554 1610 666 1664 duplicem
674 1610 719 1652 vim
727 1610 831 1660 habebat,

11 1711 13 1715 ,
50 1680 197 1721 renovationis
214 1680 264 1722 dico
281 1687 303 1722 et
318 1679 405 1733 piaculi,
423 1679 450 1722 cf.
467 1679 525 1722 infra
541 1693 561 1733 p.
578 1680 613 1721 64.

7 1748 18 1796 j
78 1745 251 1802 Nonnumquam
275 1748 362 1790 videtur
385 1749 493 1802 evenisse,
514 1754 538 1790 ut
553 1748 626 1790 hostia
642 1752 830 1797 consternaretur,

52 1825 99 1854 cum
115 1815 137 1856 in
152 1815 201 1868 ipsa
213 1816 367 1859 immolatione
381 1817 474 1858 ministri
487 1830 536 1858 eam
551 1817 601 1858 vino
611 1816 765 1870 aspergebant,
774 1828 831 1868 quae

25 1922 27 1925 .
51 1883 146 1933 aspersio
169 1884 329 1927 immolationis
351 1899 403 1939 pars
426 1891 474 1927 erat
496 1884 629 1926 necessaria.
645 1882 712 1936 Quod
729 1883 747 1924 si
763 1882 831 1924 talem

7 1948 19 1975 ν’
51 1949 159 1992 victimam
172 1952 296 1994 sacrificare
311 1954 440 2008 pergebant,
457 1952 567 2006 piaculum
576 1952 769 2002 committebatur,
779 1963 831 1991 nam

7 2039 8 2042 =
24 2053 26 2056 ,
51 2016 158 2061 reluctans
174 2020 246 2063 hostia
263 2021 296 2064 dis
312 2029 375 2076 grata
388 2034 433 2063 non
447 2017 500 2063 erat.
514 2020 675 2075 Aspersionem
687 2018 754 2070 illam,
763 2031 830 2073 quam

8 2101 9 2105 ¹
50 2082 136 2128 Servius
152 2087 257 2130 victimae
271 2089 445 2144 explorationem
461 2096 533 2141 vocat,
542 2088 641 2131 nonnulli
657 2102 697 2142 pro
706 2087 772 2130 tertia
780 2100 831 2140 pro-

5 2178 6 2181 ,
51 2151 137 2196 batione
153 2155 239 2198 hostiae
252 2157 341 2209 habent,
356 2157 383 2199 cf.
393 2156 454 2200 Serv,
464 2159 493 2200 ad
501 2157 584 2212 Vergil.
592 2156 648 2199 Aen.
656 2155 687 2197 IV
695 2156 731 2207 61,
740 2155 771 2197 VI
779 2155 830 2196 244.

79 2286 112 2329 De
135 2293 267 2344 probatione
284 2300 306 2336 et
321 2294 422 2336 litatione
437 2294 491 2336 haec
507 2295 625 2345 hactenus,
642 2293 755 2348 agendum
771 2305 831 2334 nune

51 2353 77 2395 de
97 2359 161 2401 variis
185 2363 294 2404 causis
319 2376 372 2404 cur
396 2363 594 2405 succidanea
617 2361 727 2404 hostia
751 2374 830 2414 opus

18 2426 19 2429 ’
51 2419 59 2460 l
66 2426 157 2469 uerit.

79 2490 114 2533 Ex
133 2495 160 2537 iis
181 2511 238 2551 quae
254 2512 321 2552 supra
342 2499 443 2552 exposui,
459 2498 512 2541 illud
528 2498 651 2554 generatim
667 2498 756 2541 efficere
771 2497 830 2548 licet,

1 2579 2 2594 2
51 2560 191 2606 succidaneas
208 2565 311 2609 Romano
327 2567 370 2609 ritu
386 2581 435 2609 esse
452 2574 567 2618 mactatas,
585 2580 635 2608 cum
645 2567 829 2617 nonlitavissent,

51 2623 90 2667 hoc
104 2637 143 2682 est,
153 2645 204 2675 cum
212 2635 234 2675 in
242 2630 387 2678 sacrificando
396 2635 506 2688 piaculum
515 2634 672 2690 quodcumque
680 2635 829 2677 admisissent.

0 2752 2 2756 ι
21 2703 23 2706 ⁴
51 2690 112 2744 Quae
120 2706 194 2742 autem
204 2703 325 2757 singulares
334 2717 415 2745 causae
423 2703 505 2746 fuerint
513 2718 552 2746 cur
560 2704 582 2745 in
591 2704 736 2746 sacrificando
742 2716 829 2744 sacrum

3 2803 6 2831 3
51 2767 230 2822 committeretur,
246 2771 313 2825 paulo
329 2772 393 2825 latius
410 2785 523 2825 exponere
538 2785 583 2814 non
599 2772 641 2813 erit
655 2771 739 2814 inutile.
