2051 3214
527 190 569 233 150

155 316 235 371 religia
257 315 297 358 ook
316 323 386 358 staua
402 329 468 369 range,
486 316 519 369 aff
532 316 553 357 is
568 331 595 359 eu
611 315 674 370 blff
687 317 724 358 het
739 316 868 358 souverer'ne
879 318 939 370 gued

156 384 195 425 des
214 384 337 427 rnerrsclren.
359 385 395 426 En
412 384 432 425 r's
448 384 486 426 leet
499 398 570 436 wear,
589 386 632 427 dat
645 384 692 427 eike
707 383 804 426 normale
819 384 939 439 evearedz'g

156 452 202 506 effa
222 458 279 495 tricet
298 466 345 494 carr
363 452 419 494 ltere
430 454 545 507 gevolgen,
564 454 611 495 dun
627 452 673 495 kair
689 452 764 507 arrugia
779 453 833 494 rroclr
850 453 941 506 movere

157 521 201 563 coit
211 521 348 577 godsdz'east
362 521 442 562 labben
454 519 565 575 geteeld.''

186 589 231 632 Sed
252 603 388 644 quamquam
404 588 480 645 religio
497 596 519 630 et
535 591 608 645 magia
624 590 753 632 naturaliter
769 590 866 632 maxime
881 589 939 631 inter

157 672 181 699 se
205 658 323 700 distinctae
347 664 399 699 sunt
422 663 444 699 et
467 657 645 713 distinguendae,
661 664 736 700 tamen
752 659 868 713 utriusque
884 658 938 700 ritus

157 726 357 780 caeremoniaeque
387 726 509 768 exteriores
531 738 575 768 non
597 740 686 780 semper
709 726 795 781 magnis
818 726 938 769 intervallis

157 794 276 846 distabant,
302 795 354 848 quin
378 794 445 836 etiam
469 807 537 847 saepe
558 795 688 837 coaluerunt
703 796 761 836 inter
776 808 801 836 se
817 801 839 836 et
854 794 938 836 mixtae

156 868 214 904 sunt.
228 862 300 916 Saepe
316 863 392 918 religio
409 862 547 904 ethnicorum
563 864 617 905 ritus
627 864 725 917 magicos
733 863 755 904 in
765 876 828 905 suam
836 863 938 906 trahebat

156 931 300 984 provinciam,
325 932 365 973 sed
388 931 437 985 ipso
460 931 503 972 hoc
520 930 580 974 facto
597 931 724 973 mutabatur
739 931 762 973 id
778 932 838 986 quod
853 933 939 986 magica

157 1000 299 1041 caeremonia
322 999 496 1054 significabatur.
512 997 580 1041 Cuius
597 998 734 1041 confusionis
750 999 878 1053 exemplum
895 1001 938 1042 sin-

157 1067 234 1122 gulare
258 1068 317 1121 apud
340 1068 456 1110 Romanos
479 1067 548 1108 habes
571 1068 593 1109 in
616 1067 707 1121 piaculis
728 1074 750 1110 et
770 1067 937 1110 lustrationibus

157 1135 364 1178 averruncantibus.
380 1135 448 1189 Quod
464 1135 548 1177 factum
563 1136 585 1177 in
602 1135 733 1190 religionum
748 1135 840 1178 historia
854 1149 937 1178 memo-

157 1203 231 1254 rabile,
254 1218 284 1245 ex
307 1203 339 1245 iis,
350 1217 407 1258 quae
423 1203 591 1258 disputavimus,
607 1203 870 1258 manifestoapparuisse
884 1205 938 1246 satis

157 1272 233 1326 magni
248 1272 359 1334 momenti
375 1285 424 1313 esse
440 1271 541 1314 dixerim.

186 1407 217 1449 Ut
240 1408 269 1449 ad
285 1407 344 1450 aliud
360 1414 473 1449 transeam
489 1408 549 1462 quod
565 1408 657 1462 dignum
669 1407 851 1450 consideratione
867 1409 936 1459 duc0;

157 1475 294 1529 piaculorum
319 1476 405 1518 ratione
428 1482 496 1530 atque
516 1482 594 1518 natura
610 1476 667 1517 bene
681 1483 806 1530 perspecta,
821 1476 937 1518 hominum

157 1544 312 1586 Romanorum
329 1558 386 1599 quae
408 1545 498 1598 pravi
519 1550 604 1600 atque
625 1544 756 1587 honesti
776 1545 937 1587 conscien-

156 1612 201 1654 tia
225 1619 321 1667 atque
345 1612 536 1654 aestimatio
560 1612 632 1663 fuerit,
649 1613 713 1655 facile
728 1612 863 1668 intelligitur.
879 1611 937 1654 Nam

156 1680 198 1722 etsi
213 1680 262 1734 ipso
276 1680 364 1734 piaculo
379 1693 424 1722 non
441 1680 509 1722 fiebat
524 1681 553 1722 ob
569 1694 645 1722 verum
661 1688 778 1734 peccatum
794 1694 861 1723 sensu
875 1680 937 1723 theo-

155 1747 234 1803 logico,
258 1755 334 1790 tamen
355 1749 408 1790 iuris
431 1748 488 1790 sacri
511 1747 641 1791 violationes
665 1762 704 1791 eae
727 1762 784 1803 quae
808 1750 836 1791 ob
860 1747 936 1791 dolum

156 1815 238 1858 malum
262 1816 408 1870 inexpiabiles
432 1817 588 1868 censebantur,
610 1816 668 1858 clare
684 1818 806 1859 ostendunt
821 1817 937 1860 Romanos

156 1886 178 1927 id
202 1899 292 1940 quoque
315 1886 433 1940 agnovisse
457 1886 517 1940 quod
540 1898 581 1928 nos
605 1884 670 1940 vulgo
690 1891 807 1939 peccatum
823 1898 936 1936 vocamus,

156 1966 276 2008 veramque
300 1954 452 1996 conscientiae
468 1954 626 2009 obligationem
637 1951 661 2010 ¹).
677 1954 757 1996 Mirum
773 1961 848 1996 autem
864 1960 898 1995 est
914 1954 936 1995 id

156 2022 217 2077 quod
241 2022 332 2064 accidit:
357 2036 492 2077 quamquam
516 2022 602 2076 piacula
622 2023 776 2065 Romanorum
797 2022 883 2064 animos
899 2023 936 2064 de-

156 2097 282 2133 monstrant
310 2097 345 2133 sat
372 2091 459 2143 anxios,
483 2090 626 2144 scrupulosos
649 2096 672 2132 et
695 2091 788 2132 nimium
812 2089 935 2144 diligentes,

156 2160 211 2200 dura
235 2165 310 2201 tamen
330 2158 367 2200 illa
387 2158 527 2213 inexpiabilis
543 2158 634 2201 sceleris
649 2157 686 2200 lex
702 2159 768 2201 etiam
785 2157 937 2201 dissolutionis

155 2233 178 2269 et
193 2226 299 2269 mollitiae
315 2239 383 2268 causa
399 2233 421 2269 et
437 2227 499 2281 origo
515 2227 607 2269 exstitit.
624 2226 681 2268 Nam
697 2227 816 2281 impietatis
833 2232 905 2267 metus
915 2231 937 2267 et

156 2330 254 2337 —u-

180 2393 198 2439 1)
208 2394 271 2429 Minus
290 2398 343 2429 recte
362 2394 421 2439 igitur
439 2392 533 2438 Leopold,
553 2391 582 2427 Dc
593 2391 726 2439 orrtwikkeling
737 2403 775 2427 van
787 2392 934 2428 hetheirlmdom

155 2451 175 2486 in
190 2451 251 2495 Roma
264 2462 282 2496 p,
296 2453 330 2485 51:
347 2450 381 2494 „de
393 2449 479 2495 Latzjneu
492 2449 618 2484 bescmuwden
631 2449 661 2484 aar
672 2450 785 2484 heriditatem
797 2461 836 2485 van
848 2449 869 2483 de
880 2449 935 2495 gome

156 2505 283 2552 beirekkiugm
302 2509 337 2540 raet
355 2505 376 2540 de
391 2504 452 2551 goden
471 2505 499 2539 als
515 2515 546 2539 ren
559 2505 598 2540 dael
608 2516 646 2540 vari
659 2505 680 2540 cle
693 2505 736 2540 taale
748 2505 783 2540 der
795 2505 901 2549 averterim,
914 2506 936 2540 de

155 2562 240 2609 Sabrjnen
252 2561 343 2606 arcendae,
357 2562 390 2596 dat
401 2561 422 2596 dc
436 2561 495 2606 ‘pater
502 2560 597 2607 sarazilr'as'
611 2561 632 2595 (le
645 2562 877 2608 aangewezerrmz'ddelaar
882 2572 935 2602 was;

155 2629 211 2653 vitaer
220 2629 267 2665 gem
279 2629 317 2653 van
330 2618 391 2653 beiden
403 2617 459 2652 aalide
471 2628 502 2652 een
515 2616 574 2652 credar
586 2617 779 2664 „revirid'dewustzffn
790 2618 827 2653 dan
838 2618 873 2652 (len
880 2621 937 2664 erigat

155 2675 295 2721 carmillekerrrz'g
312 2676 335 2721 os
351 2678 387 2710 met
402 2676 452 2720 odaei
459 2674 527 2721 senten
540 2675 564 2720 of
573 2674 679 2709 veterrimae
692 2678 707 2710 tc
719 2674 783 2710 hebben
796 2675 865 2721 begam
878 2673 903 2719 hzj
915 2673 936 2709 de

155 2731 246 2778 vvaleving
263 2731 297 2766 der
314 2730 448 2778 voorschristen
466 2741 505 2765 van
523 2730 553 2764 aar
570 2730 652 2766 ritrceel.⁷'
672 2733 697 2767 At
717 2731 763 2777 quid
782 2733 799 2767 si
817 2731 864 2767 dolo
884 2731 934 2767 malo

155 2789 255 2824 hominem
274 2788 393 2830 occiderant,
412 2787 526 2829 fefellerant,
543 2788 617 2833 templa
628 2787 765 2832 spoliaverant,
779 2788 849 2823 incesti
862 2787 935 2822 crimen

156 2845 299 2887 commiserant,
311 2843 401 2891 sepulcra
413 2843 545 2880 violaverant?
