2051 3214
565 188 608 229 130

193 311 258 355 dictis
282 310 364 354 clarum
381 318 421 364 est,
439 325 477 353 cur
493 313 516 353 in
532 312 671 356 immolando
687 311 775 366 piaculo
792 312 866 365 operis
883 312 979 357 faciendi

193 381 320 423 sacrificans
344 380 366 421 id
389 380 462 423 solum
486 389 574 433 exoret,
593 395 621 423 ne
637 394 724 424 sacrum
741 381 928 424 committendum
945 384 978 425 dis

193 449 312 491 offensioni
335 449 374 491 sit:
398 448 434 490 ati
454 447 480 490 id
494 456 551 491 reate
561 449 654 503 saetam
669 449 725 499 siaa·
741 462 808 503 quam
824 449 976 503 precationem

194 523 317 572 sequuntur
333 517 399 558 verba
415 530 506 571 prorsus
523 517 656 571 placatoria:
674 516 709 559 ati
721 517 766 559 sies
779 518 854 559 valeas
864 518 978 573 propitias

194 585 252 627 arilli
266 585 328 627 dama
339 583 491 640 familiaeque
507 599 568 627 meae
583 586 703 641 liberisque
715 585 782 627 iaris:
791 585 977 629 iaraaiaereraia

194 667 250 708 arga
267 659 338 695 inacte
361 652 398 695 liae
416 659 481 708 parco
494 653 586 708 piaculo
603 654 732 696 inmolanda
748 659 799 704 esta,
816 660 875 696 teste
892 652 978 697 Catone

194 721 221 763 de
236 735 285 775 agr.
304 723 352 765 139.
376 720 459 763 Piaculi
482 722 557 775 operis
578 722 675 764 faciendi
696 722 741 763 vim
757 727 905 777 naturamque
921 723 978 765 bene

194 791 262 831 verba
286 802 375 845 quoque
398 790 498 832 indicant
522 790 630 833 Macrobii
653 791 701 834 Sar.
725 790 734 831 I
758 791 792 832 16.
816 792 829 832 8
845 790 976 844 flaminica,

179 857 293 917 'quotieas
309 857 410 900 taaitraa
427 858 536 909 audisset,
548 858 641 911 seriata
654 865 709 910 arat,
725 859 791 900 (iaaac
796 860 913 913 placasset
920 860 976 901 deas.

225 926 311 968 Eadem
341 927 433 969 mutatis
462 927 577 969 mutandis
602 927 698 969 dicenda
722 934 774 969 sunt
797 927 826 968 de
848 928 977 981 piaculo

196 995 305 1049 operis
329 995 481 1048 perfecti,
505 994 646 1049 quo¹operis
668 994 764 1038 faciendi
780 995 893 1050 piaculum
909 1002 933 1038 ut
948 996 977 1038 ita

150 1085 155 1099 ι
194 1064 267 1105 dicam
284 1063 404 1116 perficitur.

223 1132 258 1173 De
280 1133 513 1185 praecidaneis
534 1132 656 1174 hostiis
678 1130 747 1173 multa
771 1131 845 1173 dicere
860 1145 916 1185 opus
932 1145 977 1174 non

196 1200 244 1243 erit.
268 1198 305 1241 Uti
329 1200 387 1241 enim
410 1201 433 1241 in
457 1201 530 1254 capite
552 1200 653 1243 secundo
676 1200 740 1242 huius
755 1199 912 1253 disputationis
928 1199 977 1241 fuse

194 1268 309 1322 explicavi,
332 1268 481 1321 praecidanea
504 1268 632 1310 faciendum
655 1275 709 1319 erat,
733 1282 761 1310 ne
778 1268 799 1310 di
815 1269 845 1310 ob
860 1281 923 1310 sacra
938 1282 977 1321 per

193 1336 366 1390 imprudentiam
390 1336 450 1378 facta
473 1349 514 1378 nec
538 1337 699 1387 animadversa,
716 1336 822 1390 prodigiis
839 1342 905 1390 atque
921 1335 976 1378 cala-

194 1404 309 1446 mitatibus
325 1405 381 1445 iram
398 1405 550 1456 ostenderent,
565 1404 594 1446 cf.
608 1418 630 1458 p.
646 1404 674 1447 75
691 1411 713 1446 et
729 1403 765 1447 76.

222 1541 337 1584 Sacrificia
358 1540 542 1595 piacularia
563 1541 645 1591 omnia,
662 1547 687 1582 ut
702 1541 783 1583 iterum
800 1541 828 1583 de
842 1541 976 1583 reuniversa

194 1609 274 1660 dicam,
291 1623 355 1651 sacra
371 1608 440 1651 fuisse
463 1608 491 1662 pl
501 1623 514 1650 a
523 1621 534 1649 c
543 1622 555 1649 a
564 1615 572 1650 t
581 1622 595 1650 o
603 1622 613 1649 r
621 1609 628 1649 i
637 1622 656 1660 a,
678 1609 690 1649 i.
708 1622 726 1649 e.
742 1609 867 1662 placamina
883 1610 975 1651 deorum

192 1677 244 1729 irae,
268 1677 438 1731 popularis
462 1683 616 1731 quoqueerat
640 1683 662 1718 et
686 1677 818 1730 publice
840 1684 976 1731 accepta

193 1746 365 1798 persuasio.
388 1745 462 1787 Testis
479 1745 507 1786 sit
522 1743 635 1787 Arnobius
652 1745 704 1786 adv.
721 1751 768 1787 aaa.
785 1744 826 1786 Vll
841 1745 922 1797 5-10,
939 1746 976 1787 ubi

194 1820 247 1855 nota
263 1826 303 1854 sua
317 1813 440 1855 acerbitate
456 1818 478 1854 et
494 1812 634 1854 vehementia
649 1812 803 1855 Romanorum
820 1812 907 1867 piacula
921 1814 976 1856 deri-

194 1882 232 1924 det
255 1887 322 1935 atque
345 1881 476 1923 ludificatur.
501 1879 587 1933 Quibus
608 1879 702 1922 Arnobii
723 1881 797 1922 uerbis
814 1894 841 1923 eo
857 1881 929 1924 maior
944 1882 975 1923 vis

192 1950 251 1992 inest
274 1955 341 2004 atque
364 1949 493 2003 auctoritas,
514 1949 575 2002 quod
591 1949 638 1990 eius
655 1949 734 1991 aetatis
750 1955 854 1991 auctores
869 1963 933 1992 sacra
949 1950 976 1991 ab

192 2017 335 2071 imprudente
350 2023 373 2058 et
388 2031 401 2058 a
417 2016 528 2070 prudente
544 2016 665 2058 commissa
681 2016 818 2071 distinguere
830 2018 874 2059 iam
884 2018 975 2060 desiere.

193 2084 319 2128 Arnobium
343 2086 453 2139 capitibus
477 2085 552 2127 5—10
575 2098 653 2126 revera
676 2098 742 2139 agere
763 2087 791 2128 de
811 2086 911 2139 piaculis,
925 2086 976 2128 licet

192 2156 241 2207 ipsa
269 2168 314 2196 vox
344 2152 440 2204 sileatur,
465 2153 524 2195 clare
548 2153 621 2194 elucet
645 2167 674 2194 ex
696 2154 769 2195 verbis
793 2155 872 2208 capitis
895 2155 916 2206 9,
931 2154 976 2201 ,ubi

192 2222 264 2275 ipsam
280 2222 392 2264 victimam
409 2234 488 2263 causas
504 2234 558 2262 suae
574 2221 715 2263 mactationis
732 2229 901 2264 enumerantem
917 2222 977 2275 facit,

193 2303 279 2341 omnes,
303 2291 326 2331 ni
349 2289 419 2341 fallor,
443 2288 531 2342 piacula
553 2289 611 2330 sacri
627 2289 748 2331 commissi.
766 2287 976 2332 Commemorantur

193 2360 252 2400 enim
268 2357 371 2400 ludorum
388 2358 440 2399 vitia
455 2362 523 2411 atque
538 2356 638 2411 pollutio,
652 2357 805 2399 iusiurandum
814 2358 901 2410 falsum,
911 2358 975 2401 sacri-

192 2425 255 2481 legae
271 2425 422 2478 spoliationes,
439 2424 594 2479 religiosorum
610 2424 710 2467 locorum
726 2425 859 2478 profanatio.

222 2493 346 2535 Videamus
361 2494 433 2548 igitur,
450 2494 503 2547 quid
519 2493 547 2534 de
562 2494 624 2535 hisce
640 2493 753 2535 sacrificiis
761 2494 911 2547 piacularibus
919 2501 976 2538 teste

192 2561 294 2603 Arnobie
309 2561 397 2615 publice
413 2561 480 2603 fuerit
497 2568 619 2614 receptum.

222 2630 245 2671 In
262 2631 334 2682 capite
349 2630 362 2672 5
377 2630 420 2672 hoc
436 2631 505 2672 modo
522 2629 630 2683 loquitur:
648 2630 755 2684 sequitur,
772 2636 798 2671 at
814 2631 878 2673 illam
894 2622 976 2686 qaapaa

193 2696 344 2752 inspiciamus
356 2705 452 2752 partera,
468 2711 535 2753 qaam
552 2697 636 2740 iactari
648 2698 756 2740 audimus
768 2699 835 2751 vulgo
844 2705 865 2740 et
868 2695 977 2753 populari

193 2765 218 2808 ia
230 2766 378 2820 persuasione
393 2765 494 2808 versari:
508 2765 626 2819 sacrificia
639 2765 728 2820 superis
742 2780 768 2808 aa
777 2765 835 2820 fieri
842 2767 889 2809 diis
897 2779 973 2814 caasa,

193 2841 220 2875 at
234 2834 283 2876 iras
299 2840 365 2889 atque
380 2834 468 2876 animas
480 2840 570 2888 paaaai‘
581 2834 751 2889 reddanturque
766 2834 832 2876 aius
847 2841 869 2876 et
879 2832 974 2888 placidi,
