<?xml version="1.0" encoding="UTF-8"?>
<!DOCTYPE html PUBLIC "-//W3C//DTD XHTML 1.0 Transitional//EN"
    "http://www.w3.org/TR/xhtml1/DTD/xhtml1-transitional.dtd">
<html xmlns="http://www.w3.org/1999/xhtml" xml:lang="en" lang="en">
 <head>
  <title>
</title>
<meta http-equiv="Content-Type" content="text/html;charset=utf-8" />
  <meta name='ocr-system' content='tesseract 3.04.00' />
  <meta name='ocr-capabilities' content='ocr_page ocr_carea ocr_par ocr_line ocrx_word'/>
</head>
<body>
  <div class='ocr_page' id='page_1' title='image "MN40027ucmf_0_0180.png"; bbox 0 0 2051 3214; ppageno 0'>
   <div class='ocr_carea' id='block_1_1' title="bbox 406 119 447 161">
    <p class='ocr_par' dir='ltr' id='par_1_1' title="bbox 406 119 447 161">
     <span class='ocr_line' id='line_1_1' title="bbox 406 119 447 161; baseline 0.024 -1"><span class='ocrx_word' id='word_1_1' title='bbox 406 119 447 161; x_wconf 84' lang='lat'><strong>145</strong></span> 
     </span>
    </p>
   </div>
   <div class='ocr_carea' id='block_1_2' title="bbox 32 241 821 1457">
    <p class='ocr_par' dir='ltr' id='par_1_2' title="bbox 32 241 821 776">
     <span class='ocr_line' id='line_1_2' title="bbox 63 241 820 302; baseline 0 -16"><span class='ocrx_word' id='word_1_2' title='bbox 63 244 82 287; x_wconf 83' lang='lat' dir='ltr'><strong>b.</strong></span> <span class='ocrx_word' id='word_1_3' title='bbox 108 243 207 286; x_wconf 89' lang='lat' dir='ltr'><strong>Facto</strong></span> <span class='ocrx_word' id='word_1_4' title='bbox 239 250 348 286; x_wconf 89' lang='lat' dir='ltr'><strong>terrae</strong></span> <span class='ocrx_word' id='word_1_5' title='bbox 379 251 464 287; x_wconf 93' lang='lat' dir='ltr'><strong>motu</strong></span> <span class='ocrx_word' id='word_1_6' title='bbox 496 241 606 302; x_wconf 65' lang='lat' dir='ltr'><strong>Telluril)</strong></span> <span class='ocrx_word' id='word_1_7' title='bbox 639 258 693 287; x_wconf 90' lang='lat' dir='ltr'><strong>sue</strong></span> <span class='ocrx_word' id='word_1_8' title='bbox 725 242 820 298; x_wconf 90' lang='lat' dir='ltr'><strong>plena</strong></span> 
     </span>
     <span class='ocr_line' id='line_1_3' title="bbox 33 311 821 364; baseline 0.003 -11"><span class='ocrx_word' id='word_1_9' title='bbox 33 312 80 354; x_wconf 91' lang='lat' dir='ltr'><strong>fieri</strong></span> <span class='ocrx_word' id='word_1_10' title='bbox 103 312 197 364; x_wconf 81' lang='lat' dir='ltr'><strong>solebat,</strong></span> <span class='ocrx_word' id='word_1_11' title='bbox 213 319 238 355; x_wconf 91' lang='lat' dir='ltr'><strong>ut</strong></span> <span class='ocrx_word' id='word_1_12' title='bbox 254 320 332 355; x_wconf 85' lang='lat' dir='ltr'><strong>auctor</strong></span> <span class='ocrx_word' id='word_1_13' title='bbox 348 319 382 354; x_wconf 88' lang='lat' dir='ltr'><strong>est</strong></span> <span class='ocrx_word' id='word_1_14' title='bbox 398 311 477 355; x_wconf 91' lang='lat' dir='ltr'><strong>Cicero</strong></span> <span class='ocrx_word' id='word_1_15' title='bbox 493 314 521 356; x_wconf 76' lang='lat' dir='ltr'><strong>de</strong></span> <span class='ocrx_word' id='word_1_16' title='bbox 536 312 581 355; x_wconf 75' lang='lat' dir='ltr'><strong>div.</strong></span> <span class='ocrx_word' id='word_1_17' title='bbox 598 313 607 355; x_wconf 90' lang='grc' dir='ltr'>Ι</span> <span class='ocrx_word' id='word_1_18' title='bbox 624 314 664 355; x_wconf 89' lang='grc'><strong>101</strong></span> <span class='ocrx_word' id='word_1_19' title='bbox 682 325 731 354; x_wconf 80' lang='lat' dir='ltr'><strong>cum</strong></span> <span class='ocrx_word' id='word_1_20' title='bbox 748 318 821 355; x_wconf 74' lang='lat' dir='ltr'><strong>terrae</strong></span> 
     </span>
     <span class='ocr_line' id='line_1_4' title="bbox 35 379 820 437; baseline 0 -15"><span class='ocrx_word' id='word_1_21' title='bbox 35 387 108 422; x_wconf 79' lang='lat' dir='ltr'><strong>motus</strong></span> <span class='ocrx_word' id='word_1_22' title='bbox 134 379 216 434; x_wconf 76' lang='lat' dir='ltr'><strong>sactus</strong></span> <span class='ocrx_word' id='word_1_23' title='bbox 239 387 302 432; x_wconf 79' lang='lat' dir='ltr'><strong>esset,</strong></span> <span class='ocrx_word' id='word_1_24' title='bbox 328 386 355 422; x_wconf 78' lang='lat' dir='ltr'><strong>ut</strong></span> <span class='ocrx_word' id='word_1_25' title='bbox 377 394 418 422; x_wconf 82' lang='lat' dir='ltr'><strong>sue</strong></span> <span class='ocrx_word' id='word_1_26' title='bbox 437 383 507 436; x_wconf 74' lang='lat' dir='ltr'><strong>plena</strong></span> <span class='ocrx_word' id='word_1_27' title='bbox 527 381 658 437; x_wconf 70' lang='lat' dir='ltr'><em>procuratio</em></span> <span class='ocrx_word' id='word_1_28' title='bbox 677 379 752 435; x_wconf 74' lang='lat' dir='ltr'><strong>fieret.</strong></span> <span class='ocrx_word' id='word_1_29' title='bbox 776 380 820 423; x_wconf 89' lang='lat' dir='ltr'><strong>Sus</strong></span> 
     </span>
     <span class='ocr_line' id='line_1_5' title="bbox 33 447 819 504; baseline 0.001 -15"><span class='ocrx_word' id='word_1_30' title='bbox 33 454 108 491; x_wconf 87' lang='lat' dir='ltr'><strong>autern</strong></span> <span class='ocrx_word' id='word_1_31' title='bbox 132 450 224 504; x_wconf 79' lang='lat' dir='ltr'><strong>gravida</strong></span> <span class='ocrx_word' id='word_1_32' title='bbox 246 448 330 491; x_wconf 81' lang='lat' dir='ltr'><strong>Telluri</strong></span> <span class='ocrx_word' id='word_1_33' title='bbox 352 448 469 502; x_wconf 84' lang='lat' dir='ltr'><strong>placamen</strong></span> <span class='ocrx_word' id='word_1_34' title='bbox 492 450 607 503; x_wconf 91' lang='lat' dir='ltr'><strong>proprium</strong></span> <span class='ocrx_word' id='word_1_35' title='bbox 632 455 673 500; x_wconf 79' lang='lat' dir='ltr'><strong>est,</strong></span> <span class='ocrx_word' id='word_1_36' title='bbox 689 448 718 491; x_wconf 86' lang='lat' dir='ltr'><strong>cf.</strong></span> <span class='ocrx_word' id='word_1_37' title='bbox 734 447 819 491; x_wconf 84' lang='lat' dir='ltr'><strong>Arnob.</strong></span> 
     </span>
     <span class='ocr_line' id='line_1_6' title="bbox 33 514 820 572; baseline 0.001 -15"><span class='ocrx_word' id='word_1_38' title='bbox 33 516 85 559; x_wconf 82' lang='lat' dir='ltr'><strong>adv.</strong></span> <span class='ocrx_word' id='word_1_39' title='bbox 110 522 158 558; x_wconf 82' lang='lat' dir='ltr'><strong>nat.</strong></span> <span class='ocrx_word' id='word_1_40' title='bbox 182 516 266 558; x_wconf 81' lang='lat' dir='ltr'>V1122</span> <span class='ocrx_word' id='word_1_41' title='bbox 290 523 313 559; x_wconf 90' lang='lat' dir='ltr'><strong>et</strong></span> <span class='ocrx_word' id='word_1_42' title='bbox 336 516 401 559; x_wconf 89' lang='lat' dir='ltr'><strong>Ovid.</strong></span> <span class='ocrx_word' id='word_1_43' title='bbox 425 517 488 560; x_wconf 80' lang='lat' dir='ltr'><strong>Fast,</strong></span> <span class='ocrx_word' id='word_1_44' title='bbox 511 516 578 559; x_wconf 83' lang='lat'>1671</span> <span class='ocrx_word' id='word_1_45' title='bbox 596 530 636 572; x_wconf 85' lang='lat' dir='ltr'><strong>sq..</strong></span> <span class='ocrx_word' id='word_1_46' title='bbox 659 515 728 560; x_wconf 89' lang='lat' dir='ltr'><strong>Teste</strong></span> <span class='ocrx_word' id='word_1_47' title='bbox 748 514 820 559; x_wconf 86' lang='lat' dir='ltr'><strong>Gellio</strong></span> 
     </span>
     <span class='ocr_line' id='line_1_7' title="bbox 33 583 819 638; baseline -0.001 -12"><span class='ocrx_word' id='word_1_48' title='bbox 33 583 63 626; x_wconf 81' lang='lat' dir='ltr'><strong>N.</strong></span> <span class='ocrx_word' id='word_1_49' title='bbox 79 583 108 628; x_wconf 83' lang='grc' dir='ltr'><strong>Α.</strong></span> <span class='ocrx_word' id='word_1_50' title='bbox 131 584 149 626; x_wconf 89' lang='lat' dir='ltr'><strong>ll</strong></span> <span class='ocrx_word' id='word_1_51' title='bbox 171 584 207 626; x_wconf 82' lang='lat'><strong>28.</strong></span> <span class='ocrx_word' id='word_1_52' title='bbox 228 585 241 627; x_wconf 88' lang='grc'>2</span> <span class='ocrx_word' id='word_1_53' title='bbox 266 585 357 638; x_wconf 87' lang='lat' dir='ltr'>insuper</span> <span class='ocrx_word' id='word_1_54' title='bbox 381 583 484 627; x_wconf 80' lang='lat' dir='ltr'><strong>feriae</strong></span> <span class='ocrx_word' id='word_1_55' title='bbox 508 592 572 627; x_wconf 86' lang='lat' dir='ltr'><strong>erant</strong></span> <span class='ocrx_word' id='word_1_56' title='bbox 596 586 726 636; x_wconf 89' lang='lat' dir='ltr'><strong>servandae,</strong></span> <span class='ocrx_word' id='word_1_57' title='bbox 751 596 819 638; x_wconf 90' lang='lat' dir='ltr'><strong>quam</strong></span> 
     </span>
     <span class='ocr_line' id='line_1_8' title="bbox 32 650 819 709; baseline 0.003 -17"><span class='ocrx_word' id='word_1_58' title='bbox 32 650 140 694; x_wconf 80' lang='lat' dir='ltr'><strong>seriorum</strong></span> <span class='ocrx_word' id='word_1_59' title='bbox 157 653 323 695; x_wconf 79' lang='lat' dir='ltr'><strong>observantiam</strong></span> <span class='ocrx_word' id='word_1_60' title='bbox 339 652 473 706; x_wconf 80' lang='lat' dir='ltr'>piacularem</span> <span class='ocrx_word' id='word_1_61' title='bbox 490 667 579 709; x_wconf 90' lang='lat' dir='ltr'><strong>quoque</strong></span> <span class='ocrx_word' id='word_1_62' title='bbox 596 653 639 696; x_wconf 88' lang='lat' dir='ltr'><strong>vim</strong></span> <span class='ocrx_word' id='word_1_63' title='bbox 656 653 762 696; x_wconf 84' lang='lat' dir='ltr'>habuisse</span> <span class='ocrx_word' id='word_1_64' title='bbox 774 652 819 694; x_wconf 90' lang='lat' dir='ltr'><strong>iam</strong></span> 
     </span>
     <span class='ocr_line' id='line_1_9' title="bbox 33 719 445 776; baseline 0.005 -15"><span class='ocrx_word' id='word_1_65' title='bbox 33 725 85 762; x_wconf 92' lang='lat' dir='ltr'><strong>ante</strong></span> <span class='ocrx_word' id='word_1_66' title='bbox 101 720 260 772; x_wconf 85' lang='lat' dir='ltr'><strong>demonstravi,</strong></span> <span class='ocrx_word' id='word_1_67' title='bbox 277 719 305 763; x_wconf 88' lang='lat' dir='ltr'><strong>ci.</strong></span> <span class='ocrx_word' id='word_1_68' title='bbox 322 734 342 774; x_wconf 90' lang='lat' dir='ltr'><strong>p.</strong></span> <span class='ocrx_word' id='word_1_69' title='bbox 359 721 387 763; x_wconf 82' lang='lat'><strong>42</strong></span> <span class='ocrx_word' id='word_1_70' title='bbox 404 735 445 776; x_wconf 86' lang='lat' dir='ltr'><strong>sq..</strong></span> 
     </span>
    </p>

    <p class='ocr_par' dir='ltr' id='par_1_3' title="bbox 32 787 819 1049">
     <span class='ocr_line' id='line_1_10' title="bbox 62 787 819 843; baseline 0.004 -15"><span class='ocrx_word' id='word_1_71' title='bbox 62 801 80 831; x_wconf 85' lang='lat' dir='ltr'><strong>c.</strong></span> <span class='ocrx_word' id='word_1_72' title='bbox 103 787 325 831; x_wconf 86' lang='lat' dir='ltr'><strong>Lectisternii</strong></span> <span class='ocrx_word' id='word_1_73' title='bbox 348 789 629 833; x_wconf 78' lang='lat' dir='ltr'>instaurationem</span> <span class='ocrx_word' id='word_1_74' title='bbox 652 803 694 843; x_wconf 91' lang='lat' dir='ltr'><strong>pro</strong></span> <span class='ocrx_word' id='word_1_75' title='bbox 714 802 819 843; x_wconf 87' lang='lat' dir='ltr'><strong>procura·</strong></span> 
     </span>
     <span class='ocr_line' id='line_1_11' title="bbox 32 855 819 909; baseline 0.003 -12"><span class='ocrx_word' id='word_1_76' title='bbox 32 855 94 898; x_wconf 88' lang='lat' dir='ltr'><strong>tione</strong></span> <span class='ocrx_word' id='word_1_77' title='bbox 114 856 182 899; x_wconf 86' lang='lat' dir='ltr'><strong>refert</strong></span> <span class='ocrx_word' id='word_1_78' title='bbox 197 857 274 900; x_wconf 89' lang='lat' dir='ltr'><strong>Livius</strong></span> <span class='ocrx_word' id='word_1_79' title='bbox 290 857 332 899; x_wconf 89' lang='lat' dir='ltr'><strong>XL</strong></span> <span class='ocrx_word' id='word_1_80' title='bbox 349 857 384 901; x_wconf 83' lang='lat'><strong>59.</strong></span> <span class='ocrx_word' id='word_1_81' title='bbox 402 859 427 909; x_wconf 87' lang='lat'><strong>8;</strong></span> <span class='ocrx_word' id='word_1_82' title='bbox 451 857 598 900; x_wconf 90' lang='lat' dir='ltr'><strong>ludorum</strong></span> <span class='ocrx_word' id='word_1_83' title='bbox 622 871 675 900; x_wconf 90' lang='lat' dir='ltr'><strong>vero</strong></span> <span class='ocrx_word' id='word_1_84' title='bbox 699 857 819 900; x_wconf 87' lang='lat' dir='ltr'><strong>instau-</strong></span> 
     </span>
     <span class='ocr_line' id='line_1_12' title="bbox 32 925 818 981; baseline 0.001 -16"><span class='ocrx_word' id='word_1_85' title='bbox 32 925 200 977; x_wconf 81' lang='lat' dir='ltr'><strong>rationem,</strong></span> <span class='ocrx_word' id='word_1_86' title='bbox 225 926 253 968; x_wconf 92' lang='lat' dir='ltr'><strong>de</strong></span> <span class='ocrx_word' id='word_1_87' title='bbox 277 939 321 980; x_wconf 86' lang='lat' dir='ltr'><strong>qua</strong></span> <span class='ocrx_word' id='word_1_88' title='bbox 344 926 390 981; x_wconf 78' lang='lat' dir='ltr'><strong>agit</strong></span> <span class='ocrx_word' id='word_1_89' title='bbox 412 925 462 969; x_wconf 91' lang='lat' dir='ltr'><strong>loco</strong></span> <span class='ocrx_word' id='word_1_90' title='bbox 486 926 553 969; x_wconf 90' lang='lat' dir='ltr'><strong>allato</strong></span> <span class='ocrx_word' id='word_1_91' title='bbox 577 925 589 981; x_wconf 59' lang='grc' dir='ltr'><em>ᾖ</em></span> <span class='ocrx_word' id='word_1_92' title='bbox 610 926 631 978; x_wconf 83' lang='grc'><strong>6,</strong></span> <span class='ocrx_word' id='word_1_93' title='bbox 656 926 751 968; x_wconf 84' lang='lat' dir='ltr'><strong>eandem</strong></span> <span class='ocrx_word' id='word_1_94' title='bbox 774 925 818 967; x_wconf 81' lang='lat' dir='ltr'><strong>va</strong></span> 
     </span>
     <span class='ocr_line' id='line_1_13' title="bbox 32 991 585 1049; baseline 0.007 -16"><span class='ocrx_word' id='word_1_95' title='bbox 32 991 137 1035; x_wconf 83' lang='lat' dir='ltr'><strong>habuIsse</strong></span> <span class='ocrx_word' id='word_1_96' title='bbox 153 994 201 1035; x_wconf 87' lang='lat' dir='ltr'><strong>iure</strong></span> <span class='ocrx_word' id='word_1_97' title='bbox 217 994 352 1048; x_wconf 78' lang='lat' dir='ltr'><strong>suspexeris,</strong></span> <span class='ocrx_word' id='word_1_98' title='bbox 582 1039 585 1049; x_wconf 52' lang='grc'><strong>,</strong></span> 
     </span>
    </p>

    <p class='ocr_par' dir='ltr' id='par_1_4' title="bbox 32 1058 819 1457">
     <span class='ocr_line' id='line_1_14' title="bbox 62 1058 819 1118; baseline 0.001 -17"><span class='ocrx_word' id='word_1_99' title='bbox 62 1060 84 1101; x_wconf 88' lang='lat' dir='ltr'><strong>d.</strong></span> <span class='ocrx_word' id='word_1_100' title='bbox 101 1058 159 1102; x_wconf 87' lang='lat' dir='ltr'><strong>Cum</strong></span> <span class='ocrx_word' id='word_1_101' title='bbox 182 1062 244 1104; x_wconf 90' lang='lat' dir='ltr'><strong>locus</strong></span> <span class='ocrx_word' id='word_1_102' title='bbox 261 1062 289 1104; x_wconf 89' lang='lat' dir='ltr'><strong>de</strong></span> <span class='ocrx_word' id='word_1_103' title='bbox 305 1061 369 1104; x_wconf 79' lang='lat' dir='ltr'><strong>coelo</strong></span> <span class='ocrx_word' id='word_1_104' title='bbox 384 1069 458 1105; x_wconf 90' lang='lat' dir='ltr'><strong>tactus</strong></span> <span class='ocrx_word' id='word_1_105' title='bbox 475 1069 528 1114; x_wconf 87' lang='lat' dir='ltr'><strong>erat,</strong></span> <span class='ocrx_word' id='word_1_106' title='bbox 545 1062 618 1118; x_wconf 82' lang='lat' dir='ltr'><strong>fulgur</strong></span> <span class='ocrx_word' id='word_1_107' title='bbox 634 1062 779 1112; x_wconf 83' lang='lat' dir='ltr'><strong>condebatur,</strong></span> <span class='ocrx_word' id='word_1_108' title='bbox 796 1060 819 1103; x_wconf 93' lang='lat' dir='ltr'><strong>id</strong></span> 
     </span>
     <span class='ocr_line' id='line_1_15' title="bbox 34 1124 819 1184; baseline 0.003 -16"><span class='ocrx_word' id='word_1_109' title='bbox 34 1134 75 1179; x_wconf 86' lang='lat' dir='ltr'><strong>est,</strong></span> <span class='ocrx_word' id='word_1_110' title='bbox 100 1130 298 1172; x_wconf 85' lang='lat' dir='ltr'><strong>abscondebantur</strong></span> <span class='ocrx_word' id='word_1_111' title='bbox 320 1129 377 1172; x_wconf 83' lang='lat' dir='ltr'><strong>infra</strong></span> <span class='ocrx_word' id='word_1_112' title='bbox 392 1137 474 1173; x_wconf 89' lang='lat' dir='ltr'><strong>terram</strong></span> <span class='ocrx_word' id='word_1_113' title='bbox 486 1124 592 1184; x_wconf 72' lang='lat' dir='ltr'><strong>fulmina</strong></span> <span class='ocrx_word' id='word_1_114' title='bbox 608 1128 778 1184; x_wconf 77' lang='lat' dir='ltr'><strong>transfigurata</strong></span> <span class='ocrx_word' id='word_1_115' title='bbox 794 1128 819 1170; x_wconf 76' lang='lat' dir='ltr'><strong>in</strong></span> 
     </span>
     <span class='ocr_line' id='line_1_16' title="bbox 33 1195 818 1252; baseline 0.001 -15"><span class='ocrx_word' id='word_1_116' title='bbox 33 1195 128 1250; x_wconf 78' lang='lat' dir='ltr'><strong>lapides,</strong></span> <span class='ocrx_word' id='word_1_117' title='bbox 155 1197 183 1239; x_wconf 87' lang='lat' dir='ltr'><strong>cf.</strong></span> <span class='ocrx_word' id='word_1_118' title='bbox 205 1197 274 1241; x_wconf 88' lang='lat' dir='ltr'><strong>schol.</strong></span> <span class='ocrx_word' id='word_1_119' title='bbox 295 1199 323 1240; x_wconf 91' lang='lat' dir='ltr'><strong>ad</strong></span> <span class='ocrx_word' id='word_1_120' title='bbox 339 1197 398 1240; x_wconf 89' lang='lat' dir='ltr'><strong>Pers.</strong></span> <span class='ocrx_word' id='word_1_121' title='bbox 415 1198 463 1243; x_wconf 81' lang='lat' dir='ltr'><strong>Sat.</strong></span> <span class='ocrx_word' id='word_1_122' title='bbox 480 1198 498 1240; x_wconf 91' lang='lat' dir='ltr'><strong>Il</strong></span> <span class='ocrx_word' id='word_1_123' title='bbox 514 1198 550 1240; x_wconf 86' lang='lat'><strong>27.</strong></span> <span class='ocrx_word' id='word_1_124' title='bbox 566 1198 641 1241; x_wconf 90' lang='lat' dir='ltr'><strong>Locus</strong></span> <span class='ocrx_word' id='word_1_125' title='bbox 657 1204 733 1240; x_wconf 84' lang='lat' dir='ltr'><strong>autem</strong></span> <span class='ocrx_word' id='word_1_126' title='bbox 749 1196 818 1252; x_wconf 82' lang='lat' dir='ltr'><strong>fulgu-</strong></span> 
     </span>
     <span class='ocr_line' id='line_1_17' title="bbox 32 1260 817 1321; baseline 0.001 -16"><span class='ocrx_word' id='word_1_127' title='bbox 32 1265 87 1306; x_wconf 87' lang='lat' dir='ltr'><strong>ritus</strong></span> <span class='ocrx_word' id='word_1_128' title='bbox 102 1265 257 1308; x_wconf 88' lang='lat' dir='ltr'><strong>includebatur</strong></span> <span class='ocrx_word' id='word_1_129' title='bbox 273 1266 362 1320; x_wconf 85' lang='lat' dir='ltr'><strong>puteali,</strong></span> <span class='ocrx_word' id='word_1_130' title='bbox 376 1267 413 1321; x_wconf 87' lang='lat' dir='ltr'><strong>qui</strong></span> <span class='ocrx_word' id='word_1_131' title='bbox 429 1268 561 1309; x_wconf 84' lang='lat' dir='ltr'><strong>vocabatur:</strong></span> <span class='ocrx_word' id='word_1_132' title='bbox 574 1264 663 1321; x_wconf 78' lang='lat' dir='ltr'><strong>fulgur</strong></span> <span class='ocrx_word' id='word_1_133' title='bbox 670 1264 785 1307; x_wconf 78' lang='lat' dir='ltr'><strong>conditum</strong></span> <span class='ocrx_word' id='word_1_134' title='bbox 792 1260 817 1321; x_wconf 77' lang='grc'><strong>2).</strong></span> 
     </span>
     <span class='ocr_line' id='line_1_18' title="bbox 32 1331 817 1389; baseline 0.001 -17"><span class='ocrx_word' id='word_1_135' title='bbox 32 1331 56 1373; x_wconf 93' lang='lat' dir='ltr'><strong>In</strong></span> <span class='ocrx_word' id='word_1_136' title='bbox 72 1333 192 1376; x_wconf 89' lang='lat' dir='ltr'><strong>condendo</strong></span> <span class='ocrx_word' id='word_1_137' title='bbox 209 1348 261 1377; x_wconf 88' lang='lat' dir='ltr'><strong>vero</strong></span> <span class='ocrx_word' id='word_1_138' title='bbox 278 1334 365 1389; x_wconf 84' lang='lat' dir='ltr'><strong>fulgure</strong></span> <span class='ocrx_word' id='word_1_139' title='bbox 377 1335 544 1377; x_wconf 88' lang='lat' dir='ltr'><strong>sacrificabatur</strong></span> <span class='ocrx_word' id='word_1_140' title='bbox 556 1334 603 1377; x_wconf 90' lang='lat' dir='ltr'><strong>Iovi</strong></span> <span class='ocrx_word' id='word_1_141' title='bbox 616 1333 686 1376; x_wconf 87' lang='lat' dir='ltr'><strong>Elicio</strong></span> <span class='ocrx_word' id='word_1_142' title='bbox 709 1333 817 1376; x_wconf 89' lang='lat' dir='ltr'><strong>maenis</strong></span> 
     </span>
     <span class='ocr_line' id='line_1_19' title="bbox 32 1401 817 1457; baseline 0.001 -16"><span class='ocrx_word' id='word_1_143' title='bbox 32 1408 54 1442; x_wconf 91' lang='lat' dir='ltr'><strong>et</strong></span> <span class='ocrx_word' id='word_1_144' title='bbox 78 1402 189 1455; x_wconf 88' lang='lat' dir='ltr'><strong>caepis</strong></span> <span class='ocrx_word' id='word_1_145' title='bbox 212 1409 234 1445; x_wconf 91' lang='lat' dir='ltr'><strong>et</strong></span> <span class='ocrx_word' id='word_1_146' title='bbox 258 1402 401 1456; x_wconf 90' lang='lat' dir='ltr'><strong>capillis;</strong></span> <span class='ocrx_word' id='word_1_147' title='bbox 426 1404 487 1457; x_wconf 92' lang='lat' dir='ltr'><strong>quod</strong></span> <span class='ocrx_word' id='word_1_148' title='bbox 507 1416 595 1445; x_wconf 87' lang='lat' dir='ltr'><strong>sacrum</strong></span> <span class='ocrx_word' id='word_1_149' title='bbox 612 1401 817 1445; x_wconf 84' lang='lat' dir='ltr'><strong>aRomanisIovIs</strong></span> 
     </span>
    </p>
   </div>
   <div class='ocr_carea' id='block_1_3' title="bbox 31 1469 816 1581">
    <p class='ocr_par' dir='ltr' id='par_1_5' title="bbox 31 1469 816 1581">
     <span class='ocr_line' id='line_1_20' title="bbox 31 1469 816 1525; baseline 0 -15"><span class='ocrx_word' id='word_1_150' title='bbox 31 1469 125 1522; x_wconf 88' lang='lat' dir='ltr'><strong>placatio</strong></span> <span class='ocrx_word' id='word_1_151' title='bbox 149 1469 280 1525; x_wconf 85' lang='lat' dir='ltr'><strong>habebatur,</strong></span> <span class='ocrx_word' id='word_1_152' title='bbox 302 1477 326 1513; x_wconf 92' lang='lat' dir='ltr'><strong>ut</strong></span> <span class='ocrx_word' id='word_1_153' title='bbox 349 1471 415 1525; x_wconf 89' lang='lat' dir='ltr'><strong>plane</strong></span> <span class='ocrx_word' id='word_1_154' title='bbox 439 1470 512 1513; x_wconf 88' lang='lat' dir='ltr'><strong>elucet</strong></span> <span class='ocrx_word' id='word_1_155' title='bbox 532 1484 561 1513; x_wconf 82' lang='lat' dir='ltr'><strong>ex</strong></span> <span class='ocrx_word' id='word_1_156' title='bbox 575 1471 648 1512; x_wconf 87' lang='lat' dir='ltr'><strong>verbis</strong></span> <span class='ocrx_word' id='word_1_157' title='bbox 664 1470 738 1513; x_wconf 83' lang='lat' dir='ltr'><strong>Ovidii</strong></span> <span class='ocrx_word' id='word_1_158' title='bbox 754 1469 816 1511; x_wconf 74' lang='lat' dir='ltr'><strong>Fast.</strong></span> 
     </span>
     <span class='ocr_line' id='line_1_21' title="bbox 31 1537 127 1581; baseline 0.01 -3"><span class='ocrx_word' id='word_1_159' title='bbox 31 1537 127 1581; x_wconf 82' lang='lat'>111289:</span> 
     </span>
    </p>
   </div>
   <div class='ocr_carea' id='block_1_4' title="bbox 91 1647 674 1770">
    <p class='ocr_par' dir='ltr' id='par_1_6' title="bbox 91 1647 674 1770">
     <span class='ocr_line' id='line_1_22' title="bbox 91 1647 674 1704; baseline 0 -14"><span class='ocrx_word' id='word_1_160' title='bbox 91 1647 128 1690; x_wconf 71' lang='lat' dir='ltr'><strong>cui</strong></span> <span class='ocrx_word' id='word_1_161' title='bbox 142 1648 199 1690; x_wconf 74' lang='lat' dir='ltr'><strong>dea:</strong></span> <span class='ocrx_word' id='word_1_162' title='bbox 212 1649 249 1691; x_wconf 76' lang='lat' dir='ltr'><strong>‘rae</strong></span> <span class='ocrx_word' id='word_1_163' title='bbox 264 1648 360 1691; x_wconf 74' lang='lat' dir='ltr'><strong>nimium</strong></span> <span class='ocrx_word' id='word_1_164' title='bbox 377 1651 473 1691; x_wconf 76' lang='lat' dir='ltr'><strong>terrere!</strong></span> <span class='ocrx_word' id='word_1_165' title='bbox 483 1648 571 1704; x_wconf 80' lang='lat' dir='ltr'><strong>piabile</strong></span> <span class='ocrx_word' id='word_1_166' title='bbox 581 1647 674 1701; x_wconf 78' lang='lat' dir='ltr'><strong>fulmen</strong></span> 
     </span>
     <span class='ocr_line' id='line_1_23' title="bbox 121 1715 607 1770; baseline 0.004 -13"><span class='ocrx_word' id='word_1_167' title='bbox 121 1715 169 1767; x_wconf 79' lang='lat' dir='ltr'><strong>est’,</strong></span> <span class='ocrx_word' id='word_1_168' title='bbox 187 1716 228 1767; x_wconf 75' lang='lat' dir='ltr'><strong>ait,</strong></span> <span class='ocrx_word' id='word_1_169' title='bbox 243 1717 273 1759; x_wconf 78' lang='lat' dir='ltr'><strong>‘et</strong></span> <span class='ocrx_word' id='word_1_170' title='bbox 287 1717 352 1759; x_wconf 76' lang='lat' dir='ltr'><strong>saevi</strong></span> <span class='ocrx_word' id='word_1_171' title='bbox 361 1716 467 1770; x_wconf 74' lang='lat' dir='ltr'><strong>flectitur</strong></span> <span class='ocrx_word' id='word_1_172' title='bbox 482 1717 518 1759; x_wconf 78' lang='lat' dir='ltr'><strong>ira</strong></span> <span class='ocrx_word' id='word_1_173' title='bbox 534 1715 607 1759; x_wconf 62' lang='lat' dir='ltr'><strong>Iovis.</strong></span> 
     </span>
    </p>
   </div>
   <div class='ocr_carea' id='block_1_5' title="bbox 21 1824 832 2289">
    <p class='ocr_par' dir='ltr' id='par_1_7' title="bbox 21 1824 832 2289">
     <span class='ocr_line' id='line_1_24' title="bbox 30 1824 816 1880; baseline 0 -13"><span class='ocrx_word' id='word_1_174' title='bbox 30 1824 77 1867; x_wconf 91' lang='lat' dir='ltr'><strong>Nec</strong></span> <span class='ocrx_word' id='word_1_175' title='bbox 94 1826 178 1877; x_wconf 88' lang='lat' dir='ltr'><strong>dubito,</strong></span> <span class='ocrx_word' id='word_1_176' title='bbox 195 1826 247 1880; x_wconf 88' lang='lat' dir='ltr'><strong>quin</strong></span> <span class='ocrx_word' id='word_1_177' title='bbox 264 1827 296 1867; x_wconf 90' lang='lat' dir='ltr'><strong>vis</strong></span> <span class='ocrx_word' id='word_1_178' title='bbox 312 1827 387 1869; x_wconf 88' lang='lat' dir='ltr'><strong>nativa</strong></span> <span class='ocrx_word' id='word_1_179' title='bbox 402 1826 466 1868; x_wconf 86' lang='lat' dir='ltr'><strong>huius</strong></span> <span class='ocrx_word' id='word_1_180' title='bbox 483 1826 540 1868; x_wconf 87' lang='lat' dir='ltr'><strong>sacri</strong></span> <span class='ocrx_word' id='word_1_181' title='bbox 555 1828 583 1869; x_wconf 90' lang='lat' dir='ltr'><strong>ab</strong></span> <span class='ocrx_word' id='word_1_182' title='bbox 596 1826 724 1868; x_wconf 83' lang='lat' dir='ltr'><strong>inferiarum</strong></span> <span class='ocrx_word' id='word_1_183' title='bbox 737 1831 816 1867; x_wconf 88' lang='lat' dir='ltr'><strong>natura</strong></span> 
     </span>
     <span class='ocr_line' id='line_1_25' title="bbox 21 1892 817 1948; baseline 0.001 -15"><span class='ocrx_word' id='word_1_184' title='bbox 21 1892 89 1934; x_wconf 57' lang='lat' dir='ltr'><strong>‘haud</strong></span> <span class='ocrx_word' id='word_1_185' title='bbox 106 1893 201 1935; x_wconf 91' lang='lat' dir='ltr'><strong>multum</strong></span> <span class='ocrx_word' id='word_1_186' title='bbox 218 1894 384 1948; x_wconf 86' lang='lat' dir='ltr'><strong>discrepaverit.</strong></span> <span class='ocrx_word' id='word_1_187' title='bbox 399 1894 488 1936; x_wconf 85' lang='lat' dir='ltr'><strong>Etenim</strong></span> <span class='ocrx_word' id='word_1_188' title='bbox 502 1907 570 1947; x_wconf 90' lang='lat' dir='ltr'><strong>saepe</strong></span> <span class='ocrx_word' id='word_1_189' title='bbox 583 1895 612 1936; x_wconf 91' lang='lat' dir='ltr'><strong>ab</strong></span> <span class='ocrx_word' id='word_1_190' title='bbox 620 1894 716 1947; x_wconf 88' lang='lat' dir='ltr'><strong>antiquis</strong></span> <span class='ocrx_word' id='word_1_191' title='bbox 724 1894 817 1935; x_wconf 88' lang='lat' dir='ltr'><strong>umbrae</strong></span> 
     </span>
     <span class='ocr_line' id='line_1_26' title="bbox 30 1960 816 2017; baseline 0 -15"><span class='ocrx_word' id='word_1_192' title='bbox 30 1961 175 2014; x_wconf 87' lang='lat' dir='ltr'><strong>placabantur</strong></span> <span class='ocrx_word' id='word_1_193' title='bbox 198 1960 293 2017; x_wconf 85' lang='lat' dir='ltr'><strong>capillis;</strong></span> <span class='ocrx_word' id='word_1_194' title='bbox 309 1974 403 2003; x_wconf 88' lang='lat' dir='ltr'><strong>maenae</strong></span> <span class='ocrx_word' id='word_1_195' title='bbox 418 1968 477 2004; x_wconf 89' lang='lat' dir='ltr'><strong>teste</strong></span> <span class='ocrx_word' id='word_1_196' title='bbox 493 1961 575 2005; x_wconf 91' lang='lat' dir='ltr'><strong>Ovidio</strong></span> <span class='ocrx_word' id='word_1_197' title='bbox 592 1962 654 2003; x_wconf 80' lang='lat' dir='ltr'><strong>Fust.</strong></span> <span class='ocrx_word' id='word_1_198' title='bbox 668 1961 686 2002; x_wconf 87' lang='lat' dir='ltr'><strong>ll</strong></span> <span class='ocrx_word' id='word_1_199' title='bbox 701 1961 744 2003; x_wconf 84' lang='lat'><strong>578</strong></span> <span class='ocrx_word' id='word_1_200' title='bbox 760 1960 816 2002; x_wconf 86' lang='lat' dir='ltr'><strong>fera-</strong></span> 
     </span>
     <span class='ocr_line' id='line_1_27' title="bbox 30 2028 816 2084; baseline 0 -14"><span class='ocrx_word' id='word_1_201' title='bbox 30 2028 87 2070; x_wconf 90' lang='lat' dir='ltr'><strong>libus</strong></span> <span class='ocrx_word' id='word_1_202' title='bbox 103 2042 193 2084; x_wconf 89' lang='lat' dir='ltr'><strong>quoque</strong></span> <span class='ocrx_word' id='word_1_203' title='bbox 209 2031 269 2072; x_wconf 93' lang='lat' dir='ltr'><strong>dono</strong></span> <span class='ocrx_word' id='word_1_204' title='bbox 285 2030 397 2072; x_wconf 89' lang='lat' dir='ltr'><strong>dabantur</strong></span> <span class='ocrx_word' id='word_1_205' title='bbox 412 2031 469 2072; x_wconf 88' lang='lat' dir='ltr'><strong>deae</strong></span> <span class='ocrx_word' id='word_1_206' title='bbox 482 2029 585 2082; x_wconf 84' lang='lat' dir='ltr'><strong>Tacitae;</strong></span> <span class='ocrx_word' id='word_1_207' title='bbox 595 2043 677 2084; x_wconf 88' lang='lat' dir='ltr'><strong>caepae</strong></span> <span class='ocrx_word' id='word_1_208' title='bbox 685 2029 816 2071; x_wconf 88' lang='lat' dir='ltr'><strong>lacrimosae</strong></span> 
     </span>
     <span class='ocr_line' id='line_1_28' title="bbox 30 2096 817 2153; baseline -0.001 -15"><span class='ocrx_word' id='word_1_209' title='bbox 30 2109 75 2138; x_wconf 91' lang='lat' dir='ltr'><strong>non</strong></span> <span class='ocrx_word' id='word_1_210' title='bbox 97 2096 161 2138; x_wconf 86' lang='lat' dir='ltr'><strong>aliter</strong></span> <span class='ocrx_word' id='word_1_211' title='bbox 182 2111 207 2139; x_wconf 90' lang='lat' dir='ltr'><strong>ac</strong></span> <span class='ocrx_word' id='word_1_212' title='bbox 224 2097 321 2152; x_wconf 87' lang='lat' dir='ltr'><strong>sopifera</strong></span> <span class='ocrx_word' id='word_1_213' title='bbox 336 2099 453 2152; x_wconf 87' lang='lat' dir='ltr'><strong>papaveris</strong></span> <span class='ocrx_word' id='word_1_214' title='bbox 470 2099 543 2152; x_wconf 89' lang='lat' dir='ltr'><strong>capita</strong></span> <span class='ocrx_word' id='word_1_215' title='bbox 558 2105 634 2153; x_wconf 86' lang='lat' dir='ltr'><strong>gratae</strong></span> <span class='ocrx_word' id='word_1_216' title='bbox 650 2103 713 2140; x_wconf 90' lang='lat' dir='ltr'><strong>erant</strong></span> <span class='ocrx_word' id='word_1_217' title='bbox 729 2096 817 2138; x_wconf 88' lang='lat' dir='ltr'><strong>Maniae</strong></span> 
     </span>
     <span class='ocr_line' id='line_1_29' title="bbox 30 2162 832 2222; baseline 0.002 -17"><span class='ocrx_word' id='word_1_218' title='bbox 30 2165 96 2207; x_wconf 89' lang='lat' dir='ltr'><strong>matri</strong></span> <span class='ocrx_word' id='word_1_219' title='bbox 120 2164 204 2207; x_wconf 85' lang='lat' dir='ltr'><strong>Larum</strong></span> <span class='ocrx_word' id='word_1_220' title='bbox 215 2162 239 2222; x_wconf 82' lang='lat'><strong>³),</strong></span> <span class='ocrx_word' id='word_1_221' title='bbox 264 2166 292 2208; x_wconf 84' lang='lat' dir='ltr'><strong>cI.</strong></span> <span class='ocrx_word' id='word_1_222' title='bbox 316 2165 415 2209; x_wconf 84' lang='lat' dir='ltr'><strong>Macrob.</strong></span> <span class='ocrx_word' id='word_1_223' title='bbox 438 2165 486 2208; x_wconf 79' lang='lat' dir='ltr'><strong>Sat.</strong></span> <span class='ocrx_word' id='word_1_224' title='bbox 509 2166 554 2208; x_wconf 85' lang='lat'><strong>17.</strong></span> <span class='ocrx_word' id='word_1_225' title='bbox 570 2166 606 2208; x_wconf 84' lang='lat'><strong>35.</strong></span> <span class='ocrx_word' id='word_1_226' title='bbox 626 2165 757 2208; x_wconf 87' lang='lat' dir='ltr'><strong>Notandum</strong></span> <span class='ocrx_word' id='word_1_227' title='bbox 774 2171 832 2216; x_wconf 62' lang='lat' dir='ltr'><strong>est„</strong></span> 
     </span>
     <span class='ocr_line' id='line_1_30' title="bbox 29 2230 815 2289; baseline 0.001 -15"><span class='ocrx_word' id='word_1_228' title='bbox 29 2240 76 2275; x_wconf 81' lang='lat' dir='ltr'><strong>tarn</strong></span> <span class='ocrx_word' id='word_1_229' title='bbox 92 2245 184 2275; x_wconf 86' lang='lat' dir='ltr'><strong>maenas</strong></span> <span class='ocrx_word' id='word_1_230' title='bbox 200 2247 266 2289; x_wconf 88' lang='lat' dir='ltr'><strong>quam</strong></span> <span class='ocrx_word' id='word_1_231' title='bbox 281 2247 361 2288; x_wconf 88' lang='lat' dir='ltr'><strong>caepas</strong></span> <span class='ocrx_word' id='word_1_232' title='bbox 375 2234 449 2276; x_wconf 89' lang='lat' dir='ltr'><strong>cibum</strong></span> <span class='ocrx_word' id='word_1_233' title='bbox 458 2234 527 2276; x_wconf 89' lang='lat' dir='ltr'><strong>fuisse</strong></span> <span class='ocrx_word' id='word_1_234' title='bbox 535 2234 594 2288; x_wconf 85' lang='lat' dir='ltr'><strong>plebi</strong></span> <span class='ocrx_word' id='word_1_235' title='bbox 602 2233 780 2288; x_wconf 86' lang='lat' dir='ltr'><strong>vulgarissimum</strong></span> <span class='ocrx_word' id='word_1_236' title='bbox 786 2230 815 2288; x_wconf 70' lang='lat' dir='ltr'><strong>l);</strong></span> 
     </span>
    </p>
   </div>
   <div class='ocr_carea' id='block_1_6' title="bbox 29 2374 815 2862">
    <p class='ocr_par' dir='ltr' id='par_1_8' title="bbox 54 2374 641 2420">
     <span class='ocr_line' id='line_1_31' title="bbox 54 2374 641 2420; baseline -0.005 -8"><span class='ocrx_word' id='word_1_237' title='bbox 54 2376 72 2419; x_wconf 85' lang='lat'><strong>1)</strong></span> <span class='ocrx_word' id='word_1_238' title='bbox 85 2378 114 2415; x_wconf 87' lang='lat' dir='ltr'><strong>Cf.</strong></span> <span class='ocrx_word' id='word_1_239' title='bbox 128 2377 223 2418; x_wconf 78' lang='lat' dir='ltr'><strong>Roscher,</strong></span> <span class='ocrx_word' id='word_1_240' title='bbox 236 2375 264 2410; x_wconf 82' lang='lat' dir='ltr'><strong>M.</strong></span> <span class='ocrx_word' id='word_1_241' title='bbox 278 2374 306 2417; x_wconf 36' lang='lat' dir='ltr'><strong>Li,</strong></span> <span class='ocrx_word' id='word_1_242' title='bbox 319 2375 336 2410; x_wconf 95' lang='lat' dir='ltr'>V</span> <span class='ocrx_word' id='word_1_243' title='bbox 350 2378 384 2410; x_wconf 80' lang='lat'><strong>338</strong></span> <span class='ocrx_word' id='word_1_244' title='bbox 397 2374 409 2409; x_wconf 76' lang='lat' dir='ltr'><strong>i.</strong></span> <span class='ocrx_word' id='word_1_245' title='bbox 416 2385 434 2409; x_wconf 84' lang='lat' dir='ltr'><strong>v.</strong></span> <span class='ocrx_word' id='word_1_246' title='bbox 447 2375 514 2411; x_wconf 89' lang='lat' dir='ltr'><strong>Tellus</strong></span> <span class='ocrx_word' id='word_1_247' title='bbox 526 2374 641 2420; x_wconf 75' lang='lat' dir='ltr'><strong>(Wissowa).</strong></span> 
     </span>
    </p>

    <p class='ocr_par' dir='ltr' id='par_1_9' title="bbox 32 2429 815 2532">
     <span class='ocr_line' id='line_1_32' title="bbox 55 2429 815 2478; baseline -0.005 -9"><span class='ocrx_word' id='word_1_248' title='bbox 55 2433 72 2478; x_wconf 81' lang='lat'><strong>2)</strong></span> <span class='ocrx_word' id='word_1_249' title='bbox 86 2433 115 2470; x_wconf 84' lang='lat' dir='ltr'><strong>Cf.</strong></span> <span class='ocrx_word' id='word_1_250' title='bbox 135 2433 223 2472; x_wconf 71' lang='lat' dir='ltr'><strong>Willker,</strong></span> <span class='ocrx_word' id='word_1_251' title='bbox 243 2430 255 2466; x_wconf 86' lang='lat' dir='ltr'><strong>l.</strong></span> <span class='ocrx_word' id='word_1_252' title='bbox 268 2431 286 2474; x_wconf 77' lang='lat' dir='ltr'><strong>t,</strong></span> <span class='ocrx_word' id='word_1_253' title='bbox 306 2442 324 2476; x_wconf 91' lang='lat' dir='ltr'><strong>p.</strong></span> <span class='ocrx_word' id='word_1_254' title='bbox 345 2434 373 2465; x_wconf 80' lang='lat'><strong>41.</strong></span> <span class='ocrx_word' id='word_1_255' title='bbox 393 2431 423 2466; x_wconf 90' lang='lat' dir='ltr'><strong>De</strong></span> <span class='ocrx_word' id='word_1_256' title='bbox 441 2431 515 2467; x_wconf 86' lang='lat' dir='ltr'><strong>maenis</strong></span> <span class='ocrx_word' id='word_1_257' title='bbox 532 2431 598 2476; x_wconf 87' lang='lat' dir='ltr'><strong>caepis</strong></span> <span class='ocrx_word' id='word_1_258' title='bbox 611 2429 686 2475; x_wconf 87' lang='lat' dir='ltr'><strong>capillis</strong></span> <span class='ocrx_word' id='word_1_259' title='bbox 699 2429 743 2465; x_wconf 90' lang='lat' dir='ltr'><strong>vide</strong></span> <span class='ocrx_word' id='word_1_260' title='bbox 756 2431 815 2465; x_wconf 85' lang='lat' dir='ltr'><strong>etiam</strong></span> 
     </span>
     <span class='ocr_line' id='line_1_33' title="bbox 32 2485 725 2532; baseline -0.01 -6"><span class='ocrx_word' id='word_1_261' title='bbox 32 2488 89 2525; x_wconf 85' lang='lat' dir='ltr'><strong>Ouid.</strong></span> <span class='ocrx_word' id='word_1_262' title='bbox 103 2489 154 2524; x_wconf 81' lang='lat' dir='ltr'><strong>Fast.</strong></span> <span class='ocrx_word' id='word_1_263' title='bbox 168 2488 192 2524; x_wconf 91' lang='lat' dir='ltr'><strong>III</strong></span> <span class='ocrx_word' id='word_1_264' title='bbox 206 2491 240 2523; x_wconf 82' lang='lat'><strong>339</strong></span> <span class='ocrx_word' id='word_1_265' title='bbox 254 2497 289 2532; x_wconf 56' lang='lat' dir='ltr'><strong>sq„</strong></span> <span class='ocrx_word' id='word_1_266' title='bbox 302 2485 375 2521; x_wconf 88' lang='lat' dir='ltr'><strong>Arnob.</strong></span> <span class='ocrx_word' id='word_1_267' title='bbox 389 2486 433 2520; x_wconf 75' lang='lat' dir='ltr'><strong>cdv.</strong></span> <span class='ocrx_word' id='word_1_268' title='bbox 446 2488 484 2522; x_wconf 75' lang='lat' dir='ltr'><strong>nat.</strong></span> <span class='ocrx_word' id='word_1_269' title='bbox 497 2487 515 2522; x_wconf 91' lang='lat' dir='ltr'>V</span> <span class='ocrx_word' id='word_1_270' title='bbox 528 2491 550 2529; x_wconf 83' lang='lat'><strong>1;</strong></span> <span class='ocrx_word' id='word_1_271' title='bbox 563 2485 612 2521; x_wconf 86' lang='lat' dir='ltr'><strong>Plut.</strong></span> <span class='ocrx_word' id='word_1_272' title='bbox 625 2486 684 2520; x_wconf 80' lang='lat' dir='ltr'><strong>Num.</strong></span> <span class='ocrx_word' id='word_1_273' title='bbox 698 2489 725 2520; x_wconf 75' lang='lat'><strong>15.</strong></span> 
     </span>
    </p>

    <p class='ocr_par' dir='ltr' id='par_1_10' title="bbox 54 2540 814 2590">
     <span class='ocr_line' id='line_1_34' title="bbox 54 2540 814 2590; baseline -0.005 -9"><span class='ocrx_word' id='word_1_274' title='bbox 54 2544 72 2590; x_wconf 84' lang='lat'><strong>3)</strong></span> <span class='ocrx_word' id='word_1_275' title='bbox 86 2544 114 2581; x_wconf 78' lang='lat' dir='ltr'><strong>Cf.</strong></span> <span class='ocrx_word' id='word_1_276' title='bbox 128 2545 208 2587; x_wconf 85' lang='lat' dir='ltr'><strong>Eitrem,</strong></span> <span class='ocrx_word' id='word_1_277' title='bbox 223 2542 332 2589; x_wconf 66' lang='lat' dir='ltr'><strong>Opferrz&#39;trcs</strong></span> <span class='ocrx_word' id='word_1_278' title='bbox 345 2540 386 2576; x_wconf 71' lang='lat' dir='ltr'><strong>mid</strong></span> <span class='ocrx_word' id='word_1_279' title='bbox 402 2541 494 2588; x_wconf 67' lang='lat' dir='ltr'><strong>Voropser</strong></span> <span class='ocrx_word' id='word_1_280' title='bbox 505 2540 540 2576; x_wconf 77' lang='lat' dir='ltr'><strong>der</strong></span> <span class='ocrx_word' id='word_1_281' title='bbox 552 2540 584 2576; x_wconf 77' lang='lat' dir='ltr'><strong>Gr.</strong></span> <span class='ocrx_word' id='word_1_282' title='bbox 597 2551 615 2577; x_wconf 71' lang='lat' dir='ltr'><strong>rt.</strong></span> <span class='ocrx_word' id='word_1_283' title='bbox 630 2540 688 2583; x_wconf 67' lang='lat' dir='ltr'><strong>Rutu,</strong></span> <span class='ocrx_word' id='word_1_284' title='bbox 701 2552 720 2586; x_wconf 90' lang='lat' dir='ltr'><strong>p.</strong></span> <span class='ocrx_word' id='word_1_285' title='bbox 733 2544 767 2576; x_wconf 80' lang='lat'><strong>370</strong></span> <span class='ocrx_word' id='word_1_286' title='bbox 780 2551 814 2586; x_wconf 89' lang='lat' dir='ltr'><strong>sq..</strong></span> 
     </span>
    </p>

    <p class='ocr_par' dir='ltr' id='par_1_11' title="bbox 29 2596 815 2804">
     <span class='ocr_line' id='line_1_35' title="bbox 55 2596 815 2645; baseline -0.008 -9"><span class='ocrx_word' id='word_1_287' title='bbox 55 2600 72 2645; x_wconf 87' lang='lat'><strong>4)</strong></span> <span class='ocrx_word' id='word_1_288' title='bbox 85 2601 116 2636; x_wconf 88' lang='lat' dir='ltr'><strong>De</strong></span> <span class='ocrx_word' id='word_1_289' title='bbox 135 2601 209 2636; x_wconf 85' lang='lat' dir='ltr'><strong>maems</strong></span> <span class='ocrx_word' id='word_1_290' title='bbox 228 2599 253 2634; x_wconf 86' lang='lat' dir='ltr'><strong>cf.</strong></span> <span class='ocrx_word' id='word_1_291' title='bbox 273 2599 311 2635; x_wconf 79' lang='lat' dir='ltr'><strong>Cle.</strong></span> <span class='ocrx_word' id='word_1_292' title='bbox 331 2597 352 2632; x_wconf 75' lang='lat' dir='ltr'><strong>de</strong></span> <span class='ocrx_word' id='word_1_293' title='bbox 366 2597 404 2643; x_wconf 75' lang='lat' dir='ltr'><strong>fin.</strong></span> <span class='ocrx_word' id='word_1_294' title='bbox 423 2598 473 2633; x_wconf 80' lang='lat'>1191</span> <span class='ocrx_word' id='word_1_295' title='bbox 493 2597 552 2631; x_wconf 68' lang='lat' dir='ltr'><strong>[licere</strong></span> <span class='ocrx_word' id='word_1_296' title='bbox 570 2599 588 2631; x_wconf 73' lang='lat' dir='ltr'><strong>re</strong></span> <span class='ocrx_word' id='word_1_297' title='bbox 606 2596 727 2641; x_wconf 74' lang='lat' dir='ltr'><strong>acipenserem</strong></span> <span class='ocrx_word' id='word_1_298' title='bbox 740 2606 815 2630; x_wconf 65' lang='lat' dir='ltr'><strong>inarime</strong></span> 
     </span>
     <span class='ocr_line' id='line_1_36' title="bbox 30 2650 814 2701; baseline -0.006 -10"><span class='ocrx_word' id='word_1_299' title='bbox 30 2667 67 2691; x_wconf 75' lang='lat' dir='ltr'><strong>aon</strong></span> <span class='ocrx_word' id='word_1_300' title='bbox 84 2657 206 2701; x_wconf 60' lang='lat' dir='ltr'><strong>anteponam·</strong></span> <span class='ocrx_word' id='word_1_301' title='bbox 223 2654 279 2692; x_wconf 88' lang='lat' dir='ltr'><strong>Ovid.</strong></span> <span class='ocrx_word' id='word_1_302' title='bbox 293 2654 338 2689; x_wconf 77' lang='lat' dir='ltr'><strong>Hal.</strong></span> <span class='ocrx_word' id='word_1_303' title='bbox 353 2657 387 2688; x_wconf 82' lang='lat'><strong>120</strong></span> <span class='ocrx_word' id='word_1_304' title='bbox 397 2653 503 2699; x_wconf 72' lang='lat' dir='ltr'><strong>seamdmn</strong></span> <span class='ocrx_word' id='word_1_305' title='bbox 514 2663 574 2698; x_wconf 74' lang='lat' dir='ltr'><strong>genas</strong></span> <span class='ocrx_word' id='word_1_306' title='bbox 587 2662 677 2693; x_wconf 71' lang='lat' dir='ltr'><strong>narranda,¹</strong></span> <span class='ocrx_word' id='word_1_307' title='bbox 689 2652 736 2687; x_wconf 88' lang='lat' dir='ltr'><strong>Plin.</strong></span> <span class='ocrx_word' id='word_1_308' title='bbox 749 2652 775 2685; x_wconf 87' lang='lat' dir='ltr'><strong>N.</strong></span> <span class='ocrx_word' id='word_1_309' title='bbox 788 2650 814 2686; x_wconf 89' lang='lat' dir='ltr'><strong>H.</strong></span> 
     </span>
     <span class='ocr_line' id='line_1_37' title="bbox 31 2707 814 2756; baseline -0.004 -10"><span class='ocrx_word' id='word_1_310' title='bbox 31 2713 57 2746; x_wconf 93' lang='lat' dir='ltr'><strong>IX</strong></span> <span class='ocrx_word' id='word_1_311' title='bbox 70 2716 99 2756; x_wconf 86' lang='lat'><strong>81,</strong></span> <span class='ocrx_word' id='word_1_312' title='bbox 119 2712 186 2747; x_wconf 89' lang='lat' dir='ltr'>XXXI</span> <span class='ocrx_word' id='word_1_313' title='bbox 199 2715 227 2753; x_wconf 80' lang='lat'><strong>83,</strong></span> <span class='ocrx_word' id='word_1_314' title='bbox 247 2709 321 2745; x_wconf 85' lang='lat' dir='ltr'>XXXII</span> <span class='ocrx_word' id='word_1_315' title='bbox 336 2712 419 2745; x_wconf 77' lang='lat'>88-149</span> <span class='ocrx_word' id='word_1_316' title='bbox 439 2711 517 2754; x_wconf 79' lang='lat' dir='ltr'><strong>passIm.</strong></span> <span class='ocrx_word' id='word_1_317' title='bbox 538 2709 568 2743; x_wconf 87' lang='lat' dir='ltr'><strong>De</strong></span> <span class='ocrx_word' id='word_1_318' title='bbox 590 2710 656 2754; x_wconf 87' lang='lat' dir='ltr'><strong>caepis</strong></span> <span class='ocrx_word' id='word_1_319' title='bbox 675 2709 699 2743; x_wconf 87' lang='lat' dir='ltr'><strong>cs.</strong></span> <span class='ocrx_word' id='word_1_320' title='bbox 717 2708 765 2743; x_wconf 82' lang='lat' dir='ltr'>PIIn.</span> <span class='ocrx_word' id='word_1_321' title='bbox 778 2708 788 2744; x_wconf 82' lang='lat' dir='ltr'><strong>l.</strong></span> <span class='ocrx_word' id='word_1_322' title='bbox 803 2707 814 2743; x_wconf 83' lang='lat' dir='ltr'><strong>l.</strong></span> 
     </span>
     <span class='ocr_line' id='line_1_38' title="bbox 29 2768 189 2804; baseline -0.013 0"><span class='ocrx_word' id='word_1_323' title='bbox 29 2768 74 2804; x_wconf 86' lang='lat' dir='ltr'><strong>XIX</strong></span> <span class='ocrx_word' id='word_1_324' title='bbox 89 2771 189 2803; x_wconf 78' lang='lat' dir='ltr'><strong>rol—108.</strong></span> 
     </span>
    </p>

    <p class='ocr_par' dir='ltr' id='par_1_12' title="bbox 721 2831 743 2862">
     <span class='ocr_line' id='line_1_39' title="bbox 721 2831 743 2862; baseline 0 0"><span class='ocrx_word' id='word_1_325' title='bbox 721 2831 743 2862; x_wconf 84' lang='lat'><strong>10</strong></span> 
     </span>
    </p>
   </div>
   <div class='ocr_carea' id='block_1_7' title="bbox 0 0 1030 3214">
    <p class='ocr_par' dir='ltr' id='par_1_13' title="bbox 0 0 1030 3214">
     <span class='ocr_line' id='line_1_40' title="bbox 0 0 1030 3214; baseline 0 1"><span class='ocrx_word' id='word_1_326' title='bbox 0 0 1030 3214; x_wconf 95' lang='lat' dir='ltr'><strong> </strong></span> 
     </span>
    </p>
   </div>
  </div>
 </body>
</html>
