2051 3214
451 158 479 202 67

73 287 221 348 pertinuisset.
244 284 290 327 lovi
306 290 381 327 autem
397 284 544 338 praesultator
559 285 609 328 talis
625 284 690 328 valde
707 283 819 337 displicuit
836 289 858 325 et

73 359 114 403 nisi
129 353 246 410 magnifice
261 353 307 396 ludi
322 353 439 396 instaurati
454 360 535 405 essent,
551 367 658 410 magnum
672 353 722 395 urbi
734 350 857 406 periculum

73 428 156 470 fuisset.
181 421 239 478 (Liv.
261 422 279 463 ΙΙ
300 422 342 476 36;
366 421 460 475 Dionys.
485 421 525 463 Vll
545 423 585 474 693
610 422 660 465 Val.
684 420 744 463 Max.
769 419 815 461 17.
831 420 858 470 4;

73 493 171 538 Macrob.
196 487 367 547 Sat.111.3).
392 490 455 545 impii
478 504 566 545 quoque
589 499 611 534 et
635 489 738 532 scelerati
761 488 819 530 ludis
841 487 859 528 si

73 565 200 610 intererant,
225 559 373 600 caerimoniae
397 559 492 602 violatae
514 559 658 614 pollutaeque
681 563 746 600 erant
762 558 859 610 ideoque

6 623 7 626 ¹
74 628 221 679 renovandae,
246 626 274 668 ef.
296 627 344 668 Liv.
361 626 429 669 1137.
447 628 461 670 9
484 640 508 669 se
530 633 557 668 ut
578 629 696 670 sceleratas
720 624 859 681 contantinu-

75 706 148 753 tasque
171 695 198 737 ab
223 695 286 737 ludis
302 694 375 748 sestis
390 694 474 746 diebus,
491 701 551 736 caetu
567 694 728 750 quadaruuiade
744 693 859 736 neutuna

74 767 204 819 dearraueque
219 762 310 805 abactas
325 776 373 804 esse
388 762 469 805 collato
483 764 517 804 38,
527 764 542 804 4
554 762 578 804 si
585 762 718 805 z'uaesz‘uus
725 761 857 816 spectacula,

74 831 183 877 violaturi
197 830 270 873 siuius
286 831 352 873 ludes
364 830 524 885 piaculumque
539 831 650 873 ruerituri.

102 903 123 945 b.
147 899 355 942 Instauratio
391 899 427 941 ob
458 899 539 941 vitia
571 906 600 942 et
631 898 858 954 negligentias

3 960 4 964 ¹
75 971 199 1012 rituum.

103 1036 176 1090 Quam
200 1036 291 1077 crebrae
314 1035 471 1077 renovationes
495 1036 524 1077 ob
547 1048 610 1077 sacra
632 1034 753 1077 commissa
769 1034 858 1085 fuerint,

74 1105 148 1147 statim
163 1117 203 1158 per
219 1104 311 1146 indices*
321 1116 440 1157 exponam.
458 1102 540 1157 Quales
557 1116 610 1145 vero
627 1102 782 1158 neglegentiae
798 1102 858 1144 valu-

74 1174 129 1215 erint
145 1173 173 1215 ad
189 1173 347 1214 instaurandos
363 1171 435 1222 ludos1
451 1172 527 1214 videre
541 1177 575 1221 est
583 1172 642 1225 apud
652 1170 697 1213 Cic.
707 1171 734 1213 de
741 1169 791 1213 bur.
799 1176 856 1225 resp.

6 1274 7 1277 η
74 1240 103 1282 XI
123 1241 152 1282 23
176 1253 207 1281 aa
230 1238 253 1281 si
267 1239 346 1282 bridius
361 1239 468 1289 constitit,
486 1245 528 1280 aut
543 1238 623 1281 tibicen
639 1245 728 1293 repente
743 1238 857 1289 conticuit,

1 1350 2 1353 ,
74 1314 115 1349 aut
133 1314 193 1362 puer
216 1307 254 1349 ille
274 1307 390 1362 patrinus
406 1313 428 1348 et
441 1306 564 1348 uiatriucus
578 1307 601 1348 si
617 1313 701 1348 terrun
718 1320 762 1348 nau
778 1306 857 1356 tenuit,

9 1375 10 1378 ’
75 1382 116 1417 aut
127 1382 214 1417 tensam
230 1382 272 1417 aut
287 1377 358 1418 laruui
375 1374 460 1426 arrisit,
478 1381 520 1416 aut
534 1374 557 1416 si
572 1374 655 1417 aedilis
671 1374 735 1416 verba
751 1381 794 1416 aut
805 1373 859 1415 siru-

5 1454 6 1457 ’
71 1445 124 1497 pala
143 1444 264 1496 aberravit,
283 1445 335 1487 ludi
349 1450 405 1486 suut
419 1458 463 1486 reon
478 1444 522 1486 rite
532 1442 602 1497 sacti,
619 1457 687 1499 eaque
703 1450 780 1486 errata
796 1443 858 1498 eupi-

74 1517 144 1553 autur
159 1517 180 1552 et
190 1508 206 1568 1)
215 1519 299 1554 retentes
307 1513 397 1554 dearuru
406 1511 568 1554 iruuurtaliuru
576 1512 681 1554 ludaruue
690 1511 859 1554 instauratione

8 1637 10 1640 ‚
70 1580 195 1632 placantur
200 1593 208 1630 ;
217 1593 274 1634 quae
283 1579 399 1623 Ciceronis
407 1582 475 1623 verba
483 1587 574 1622 secutus
583 1587 618 1622 est
628 1580 740 1622 Arnobius
747 1580 799 1622 adv.
809 1585 857 1621 uat.

72 1645 102 1688 iV
118 1648 153 1698 31,
170 1648 208 1689 ubi
222 1648 250 1690 de
263 1649 327 1691 variis
341 1648 414 1690 causis
428 1649 480 1703 agit,
495 1661 534 1690 cur
542 1648 622 1702 piaculi
631 1647 760 1690 commissio
769 1653 857 1690 contra-

2 1709 3 1712 *
72 1714 165 1757 heretur.
180 1715 253 1771 Digna
266 1731 355 1772 quoque
368 1730 425 1772 quae
439 1717 563 1759 referantur
572 1723 658 1775 easunt
667 1729 724 1770 quae
732 1716 800 1758 habet
808 1715 857 1757 Plu-

4 1799 7 1821 ι
72 1783 160 1824 tarchus
178 1782 256 1826 Cariat.
278 1786 306 1827 25
331 1781 393 1826 ἵσσον
408 1784 447 1838 reip
463 1784 503 1833 ἑνὸς
519 1785 557 1827 τῶν
572 1783 660 1835 babetur
675 1782 713 1831 abac
729 1781 856 1834 κονλονμένοις

0 1900 1 1903 ¹
73 1846 151 1898 θνσσοος
165 1850 304 1901 ἀτονήσαντος,
313 1851 346 1894 uui
356 1850 419 1895 σοὶλσν
426 1854 461 1895 σοῦ
470 1851 550 1904 ἡνιόχου
559 1856 584 1904 σῇ
592 1851 683 1906 interrupi
691 1850 743 1904 χειρὶ
753 1850 791 1900 riae
800 1850 856 1901 ἡνίονς

6 1960 9 1968 ,
72 1917 216 1968 cantabimur.
233 1915 292 1969 abbir
309 1919 439 1975 ἐψηφίσσονσσ
455 1920 491 1968 σὴν
508 1919 591 1971 unauna
607 1921 714 1963 ἐπιτελεῖν.
732 1921 857 1963 Verissima

1 2045 2 2048 Ἴ
73 1998 122 2027 esse
137 1988 192 2029 haec
208 1987 323 2032 Ciceronis
336 1997 359 2033 et
372 1989 483 2032 Plutarchi
493 1991 629 2042 testimonia,
638 1991 687 2044 ipsa
696 1989 755 2031 facta
764 1991 857 2032 demon-

74 2060 150 2097 strant.
174 2055 232 2098 Nam
257 2058 333 2100 Livius
356 2057 379 2099 V
395 2059 429 2101 19.
449 2061 459 2100 1
482 2071 574 2100 narrans
590 2058 777 2101 instaurationem
793 2057 856 2099 ludo-

73 2134 120 2165 rum
136 2123 287 2180 feriarumque
303 2126 441 2178 Latinarum,
459 2126 493 2168 17.
510 2127 523 2168 2
540 2127 605 2169 huius
621 2126 791 2169 instaurationis
807 2139 857 2167 eau-

73 2202 120 2232 sam
138 2192 223 2235 indicat
238 2193 299 2236 hisce
314 2195 399 2236 verbis:
416 2194 569 2249 magistratus
584 2194 640 2237 vitia
656 2199 741 2236 creatas
756 2193 857 2235 Latinas

72 2270 203 2315 sacrumque
227 2260 251 2302 iu
274 2261 362 2304 Albana
386 2269 458 2304 marite
481 2277 525 2304 nau
545 2262 589 2304 rite
609 2261 738 2316 caricepisse.
756 2261 818 2304 Vitia
834 2262 856 2303 in

73 2323 124 2376 ipsis
140 2328 210 2370 sacris
226 2330 335 2371 commisa
351 2329 419 2383 plurav
430 2330 498 2372 refert
514 2329 647 2373 XXXlll.9
663 2329 745 2372 Feriae
757 2329 858 2372 Latinae

70 2393 203 2447 pontificum
227 2397 311 2439 decreta
334 2397 479 2440 instauratae
498 2404 558 2448 sunt,
575 2398 635 2453 quad
649 2397 722 2452 legati
736 2397 764 2438 ab
780 2397 857 2440 Ardea

3 2464 7 2473 ⁶
72 2462 144 2512 questi
159 2462 184 2504 iu
199 2471 280 2506 senatu
295 2472 362 2507 eraut
376 2465 421 2507 sibi
437 2467 462 2508 iu
478 2473 550 2508 ruaute
559 2465 649 2508 Albana
657 2465 752 2507 Latinis
759 2479 855 2516 carraria,

72 2534 99 2568 ut
113 2530 204 2582 adsolet,
222 2532 301 2574 aaran
318 2547 362 2575 nau
378 2547 431 2588 esse;
447 2533 603 2576 XXXVll3.4
620 2533 760 2588 Latinaeque
768 2533 856 2575 instau-

72 2602 141 2648 ratae,
166 2601 226 2654 qued
244 2600 398 2643 Laurentibus
412 2602 495 2653 carnis,
512 2616 571 2657 quaa
584 2602 639 2644 dari
654 2602 722 2652 debet,
741 2601 797 2644 duta
813 2616 856 2644 rien

68 2660 160 2717 ficerat3
185 2668 236 2709 XLI
253 2670 287 2711 16.
304 2672 314 2711 1
336 2669 436 2712 Latinae
447 2669 525 2723 feriae
536 2668 605 2723 fuere
620 2676 674 2711 ante
689 2669 748 2711 dieru
766 2669 856 2712 tertiuru

73 2755 173 2768 ’Ἣ

95 2803 112 2849 1)
125 2807 201 2845 Vocula
212 2812 230 2843 et
241 2810 280 2846 vim
292 2810 352 2846 hahet
364 2809 504 2855 explicativuuu
518 2810 587 2846 confer
600 2822 650 2856 quae
664 2810 705 2846 dixi
718 2822 736 2856 p.
750 2813 779 2847 64.
