<?xml version="1.0" encoding="UTF-8"?>
<!DOCTYPE html PUBLIC "-//W3C//DTD XHTML 1.0 Transitional//EN"
    "http://www.w3.org/TR/xhtml1/DTD/xhtml1-transitional.dtd">
<html xmlns="http://www.w3.org/1999/xhtml" xml:lang="en" lang="en">
 <head>
  <title>
</title>
<meta http-equiv="Content-Type" content="text/html;charset=utf-8" />
  <meta name='ocr-system' content='tesseract 3.04.00' />
  <meta name='ocr-capabilities' content='ocr_page ocr_carea ocr_par ocr_line ocrx_word'/>
</head>
<body>
  <div class='ocr_page' id='page_1' title='image "MN40027ucmf_0_0166.png"; bbox 0 0 2051 3214; ppageno 0'>
   <div class='ocr_carea' id='block_1_1' title="bbox 411 131 451 171">
    <p class='ocr_par' dir='ltr' id='par_1_1' title="bbox 411 131 451 171">
     <span class='ocr_line' id='line_1_1' title="bbox 411 131 451 171; baseline 0 0"><span class='ocrx_word' id='word_1_1' title='bbox 411 131 451 171; x_wconf 89' lang='grc'><em>131</em></span> 
     </span>
    </p>
   </div>
   <div class='ocr_carea' id='block_1_2' title="bbox 33 252 872 1602">
    <p class='ocr_par' dir='ltr' id='par_1_2' title="bbox 33 252 872 1602">
     <span class='ocr_line' id='line_1_2' title="bbox 33 252 822 309; baseline 0.001 -14"><span class='ocrx_word' id='word_1_2' title='bbox 33 252 178 306; x_wconf 84' lang='lat' dir='ltr'><em>feroidornne</em></span> <span class='ocrx_word' id='word_1_3' title='bbox 196 260 309 309; x_wconf 77' lang='lat' dir='ltr'><em>pectorum</em></span> <span class='ocrx_word' id='word_1_4' title='bbox 331 254 489 309; x_wconf 75' lang='lat' dir='ltr'><em>indignatione</em></span> <span class='ocrx_word' id='word_1_5' title='bbox 504 255 592 297; x_wconf 88' lang='lat' dir='ltr'><em>sedata.</em></span> <span class='ocrx_word' id='word_1_6' title='bbox 610 254 632 295; x_wconf 90' lang='lat' dir='ltr'><em>ln</em></span> <span class='ocrx_word' id='word_1_7' title='bbox 649 254 722 308; x_wconf 84' lang='lat' dir='ltr'><em>capite</em></span> <span class='ocrx_word' id='word_1_8' title='bbox 738 254 752 296; x_wconf 82' lang='lat'>6</span> <span class='ocrx_word' id='word_1_9' title='bbox 768 253 822 296; x_wconf 89' lang='lat' dir='ltr'><em>haec</em></span> 
     </span>
     <span class='ocr_line' id='line_1_3' title="bbox 38 321 823 378; baseline -0.001 -14"><span class='ocrx_word' id='word_1_10' title='bbox 38 324 116 365; x_wconf 89' lang='lat' dir='ltr'><em>habet:</em></span> <span class='ocrx_word' id='word_1_11' title='bbox 145 323 186 365; x_wconf 90' lang='lat' dir='ltr'><em>sed</em></span> <span class='ocrx_word' id='word_1_12' title='bbox 207 324 360 373; x_wconf 83' lang='lat' dir='ltr'><em>concedarnns,</em></span> <span class='ocrx_word' id='word_1_13' title='bbox 385 328 412 364; x_wconf 90' lang='lat' dir='ltr'><em>nt</em></span> <span class='ocrx_word' id='word_1_14' title='bbox 434 323 511 374; x_wconf 86' lang='lat' dir='ltr'><em>valtis,</em></span> <span class='ocrx_word' id='word_1_15' title='bbox 530 322 724 378; x_wconf 74' lang='lat' dir='ltr'><em>perturbationem</em></span> <span class='ocrx_word' id='word_1_16' title='bbox 745 321 823 363; x_wconf 74' lang='lat' dir='ltr'><em>inicis·</em></span> 
     </span>
     <span class='ocr_line' id='line_1_4' title="bbox 38 390 823 447; baseline -0.001 -15"><span class='ocrx_word' id='word_1_17' title='bbox 38 391 99 433; x_wconf 88' lang='lat' dir='ltr'><em>nodi</em></span> <span class='ocrx_word' id='word_1_18' title='bbox 121 390 266 444; x_wconf 81' lang='lat' dir='ltr'><em>santiliarenc</em></span> <span class='ocrx_word' id='word_1_19' title='bbox 290 390 337 433; x_wconf 88' lang='lat' dir='ltr'><em>diis</em></span> <span class='ocrx_word' id='word_1_20' title='bbox 359 404 406 433; x_wconf 82' lang='lat' dir='ltr'><em>csse</em></span> <span class='ocrx_word' id='word_1_21' title='bbox 426 392 597 447; x_wconf 77' lang='lat' dir='ltr'><em>placandaeque</em></span> <span class='ocrx_word' id='word_1_22' title='bbox 620 391 669 433; x_wconf 92' lang='lat' dir='ltr'><em>eins</em></span> <span class='ocrx_word' id='word_1_23' title='bbox 692 403 763 432; x_wconf 88' lang='lat' dir='ltr'><em>cansa</em></span> <span class='ocrx_word' id='word_1_24' title='bbox 786 404 823 431; x_wconf 87' lang='lat' dir='ltr'><em>res</em></span> 
     </span>
     <span class='ocr_line' id='line_1_5' title="bbox 38 458 821 517; baseline -0.001 -16"><span class='ocrx_word' id='word_1_25' title='bbox 38 458 132 501; x_wconf 84' lang='lat' dir='ltr'><em>dininas</em></span> <span class='ocrx_word' id='word_1_26' title='bbox 143 459 201 513; x_wconf 81' lang='lat' dir='ltr'><em>fieri</em></span> <span class='ocrx_word' id='word_1_27' title='bbox 215 465 237 501; x_wconf 92' lang='lat' dir='ltr'><em>et</em></span> <span class='ocrx_word' id='word_1_28' title='bbox 250 472 365 502; x_wconf 88' lang='lat' dir='ltr'><em>sacrornne</em></span> <span class='ocrx_word' id='word_1_29' title='bbox 382 459 500 517; x_wconf 73' lang='lat' dir='ltr'><em>sollennia</em></span> <span class='ocrx_word' id='word_1_30' title='bbox 516 459 630 502; x_wconf 81' lang='lat' dir='ltr'><em>celebrari.</em></span> <span class='ocrx_word' id='word_1_31' title='bbox 646 459 733 513; x_wconf 78' lang='lat' dir='ltr'><strong>Quibus</strong></span> <span class='ocrx_word' id='word_1_32' title='bbox 749 458 821 512; x_wconf 88' lang='lat' dir='ltr'><em>dictis,</em></span> 
     </span>
     <span class='ocr_line' id='line_1_6' title="bbox 37 526 823 583; baseline 0.001 -15"><span class='ocrx_word' id='word_1_33' title='bbox 37 527 176 581; x_wconf 85' lang='lat' dir='ltr'><em>piaculorum</em></span> <span class='ocrx_word' id='word_1_34' title='bbox 200 534 246 570; x_wconf 90' lang='lat' dir='ltr'><em>tam</em></span> <span class='ocrx_word' id='word_1_35' title='bbox 267 528 341 582; x_wconf 85' lang='lat' dir='ltr'><em>operis</em></span> <span class='ocrx_word' id='word_1_36' title='bbox 363 527 460 570; x_wconf 83' lang='lat' dir='ltr'><em>faciendi</em></span> <span class='ocrx_word' id='word_1_37' title='bbox 475 541 542 583; x_wconf 87' lang='lat' dir='ltr'><em>quam</em></span> <span class='ocrx_word' id='word_1_38' title='bbox 560 528 617 569; x_wconf 87' lang='lat' dir='ltr'><em>sacri</em></span> <span class='ocrx_word' id='word_1_39' title='bbox 633 527 748 570; x_wconf 87' lang='lat' dir='ltr'><em>commissi</em></span> <span class='ocrx_word' id='word_1_40' title='bbox 763 526 823 569; x_wconf 91' lang='lat' dir='ltr'><em>haud</em></span> 
     </span>
     <span class='ocr_line' id='line_1_7' title="bbox 37 594 825 651; baseline -0.003 -14"><span class='ocrx_word' id='word_1_41' title='bbox 37 596 163 647; x_wconf 90' lang='lat' dir='ltr'><em>immemor,</em></span> <span class='ocrx_word' id='word_1_42' title='bbox 184 595 241 638; x_wconf 87' lang='lat' dir='ltr'><em>hanc</em></span> <span class='ocrx_word' id='word_1_43' title='bbox 262 596 433 638; x_wconf 86' lang='lat' dir='ltr'><em>disiunctionem</em></span> <span class='ocrx_word' id='word_1_44' title='bbox 450 595 514 638; x_wconf 85' lang='lat' dir='ltr'><em>lacit:</em></span> <span class='ocrx_word' id='word_1_45' title='bbox 532 596 622 651; x_wconf 80' lang='lat' dir='ltr'><em>qnando</em></span> <span class='ocrx_word' id='word_1_46' title='bbox 639 609 689 650; x_wconf 84' lang='lat' dir='ltr'><em>ergo</em></span> <span class='ocrx_word' id='word_1_47' title='bbox 705 594 825 637; x_wconf 86' lang='lat' dir='ltr'><em>conveniat</em></span> 
     </span>
     <span class='ocr_line' id='line_1_8' title="bbox 37 663 872 719; baseline -0.001 -14"><span class='ocrx_word' id='word_1_48' title='bbox 37 663 142 706; x_wconf 84' lang='lat' dir='ltr'><em>adlideri</em></span> <span class='ocrx_word' id='word_1_49' title='bbox 162 663 217 706; x_wconf 81' lang='lat' dir='ltr'><em>daec</em></span> <span class='ocrx_word' id='word_1_50' title='bbox 237 664 318 707; x_wconf 86' lang='lat' dir='ltr'><em>nennio</em></span> <span class='ocrx_word' id='word_1_51' title='bbox 341 665 378 706; x_wconf 84' lang='lat' dir='ltr'><em>vel</em></span> <span class='ocrx_word' id='word_1_52' title='bbox 399 663 423 706; x_wconf 93' lang='lat' dir='ltr'><em>in</em></span> <span class='ocrx_word' id='word_1_53' title='bbox 446 670 541 719; x_wconf 86' lang='lat' dir='ltr'><em>ternpore</em></span> <span class='ocrx_word' id='word_1_54' title='bbox 559 677 601 719; x_wconf 77' lang='lat' dir='ltr'><em>qno</em></span> <span class='ocrx_word' id='word_1_55' title='bbox 617 663 687 705; x_wconf 78' lang='lat' dir='ltr'><em>dari?</em></span> <span class='ocrx_word' id='word_1_56' title='bbox 701 670 821 718; x_wconf 84' lang='lat' dir='ltr'><em>anteqnarn</em></span> <span class='ocrx_word' id='word_1_57' title='bbox 870 696 872 698; x_wconf 92' lang='lat'><em>.</em></span> 
     </span>
     <span class='ocr_line' id='line_1_9' title="bbox 37 730 822 787; baseline -0.001 -14"><span class='ocrx_word' id='word_1_58' title='bbox 37 739 93 773; x_wconf 86' lang='lat' dir='ltr'><em>sarit</em></span> <span class='ocrx_word' id='word_1_59' title='bbox 108 731 165 774; x_wconf 88' lang='lat' dir='ltr'><em>irati</em></span> <span class='ocrx_word' id='word_1_60' title='bbox 180 739 201 774; x_wconf 88' lang='lat' dir='ltr'><em>et</em></span> <span class='ocrx_word' id='word_1_61' title='bbox 212 732 297 787; x_wconf 90' lang='lat' dir='ltr'><em>perciti</em></span> <span class='ocrx_word' id='word_1_62' title='bbox 311 746 342 774; x_wconf 94' lang='lat' dir='ltr'><em>an</em></span> <span class='ocrx_word' id='word_1_63' title='bbox 358 746 407 774; x_wconf 89' lang='lat' dir='ltr'><em>cnrn</em></span> <span class='ocrx_word' id='word_1_64' title='bbox 419 731 514 785; x_wconf 84' lang='lat' dir='ltr'><em>faerint</em></span> <span class='ocrx_word' id='word_1_65' title='bbox 528 731 583 773; x_wconf 89' lang='lat' dir='ltr'><em>raoti</em></span> <span class='ocrx_word' id='word_1_66' title='bbox 596 731 695 786; x_wconf 83' lang='lat' dir='ltr'><em>ipsisqne</em></span> <span class='ocrx_word' id='word_1_67' title='bbox 707 731 732 773; x_wconf 91' lang='lat' dir='ltr'><em>in</em></span> <span class='ocrx_word' id='word_1_68' title='bbox 745 730 822 784; x_wconf 75' lang='lat' dir='ltr'><em>indig-</em></span> 
     </span>
     <span class='ocr_line' id='line_1_10' title="bbox 38 799 821 850; baseline -0.001 -9"><span class='ocrx_word' id='word_1_69' title='bbox 38 799 169 842; x_wconf 80' lang='lat' dir='ltr'><em>nationibus</em></span> <span class='ocrx_word' id='word_1_70' title='bbox 191 799 327 842; x_wconf 77' lang='lat' dir='ltr'><em>constituti?</em></span> <span class='ocrx_word' id='word_1_71' title='bbox 347 799 369 841; x_wconf 86' lang='lat' dir='ltr'><em>si</em></span> <span class='ocrx_word' id='word_1_72' title='bbox 393 813 420 842; x_wconf 90' lang='lat' dir='ltr'><em>ne</em></span> <span class='ocrx_word' id='word_1_73' title='bbox 440 806 534 841; x_wconf 86' lang='lat' dir='ltr'><em>sanant</em></span> <span class='ocrx_word' id='word_1_74' title='bbox 553 799 648 850; x_wconf 88' lang='lat' dir='ltr'><em>areinos,</em></span> <span class='ocrx_word' id='word_1_75' title='bbox 663 799 821 841; x_wconf 83' lang='lat' dir='ltr'><em>oocnrrendnrn</em></span> 
     </span>
     <span class='ocr_line' id='line_1_11' title="bbox 37 865 821 922; baseline -0.003 -13"><span class='ocrx_word' id='word_1_76' title='bbox 37 874 72 909; x_wconf 86' lang='lat' dir='ltr'><em>cst</em></span> <span class='ocrx_word' id='word_1_77' title='bbox 90 868 127 909; x_wconf 80' lang='lat' dir='ltr'><em>lois</em></span> <span class='ocrx_word' id='word_1_78' title='bbox 149 875 207 919; x_wconf 87' lang='lat' dir='ltr'><em>ante,</em></span> <span class='ocrx_word' id='word_1_79' title='bbox 220 867 289 921; x_wconf 86' lang='lat' dir='ltr'><em>feras</em></span> <span class='ocrx_word' id='word_1_80' title='bbox 304 866 368 910; x_wconf 82' lang='lat' dir='ltr'><em>nodis</em></span> <span class='ocrx_word' id='word_1_81' title='bbox 381 867 551 922; x_wconf 89' lang='lat' dir='ltr'><em>proponitis...</em></span> <span class='ocrx_word' id='word_1_82' title='bbox 569 867 607 909; x_wconf 88' lang='lat' dir='ltr'><em>sin</em></span> <span class='ocrx_word' id='word_1_83' title='bbox 623 873 697 909; x_wconf 84' lang='lat' dir='ltr'><em>aretenc</em></span> <span class='ocrx_word' id='word_1_84' title='bbox 714 866 760 908; x_wconf 87' lang='lat' dir='ltr'><em>iarn</em></span> <span class='ocrx_word' id='word_1_85' title='bbox 771 865 821 919; x_wconf 85' lang='lat' dir='ltr'><em>fer-</em></span> 
     </span>
     <span class='ocr_line' id='line_1_12' title="bbox 37 934 820 991; baseline -0.004 -12"><span class='ocrx_word' id='word_1_86' title='bbox 37 935 99 978; x_wconf 82' lang='lat' dir='ltr'><em>vidis</em></span> <span class='ocrx_word' id='word_1_87' title='bbox 115 943 181 991; x_wconf 82' lang='lat' dir='ltr'><em>atqne</em></span> <span class='ocrx_word' id='word_1_88' title='bbox 198 936 356 990; x_wconf 82' lang='lat' dir='ltr'><em>indignatione</em></span> <span class='ocrx_word' id='word_1_89' title='bbox 366 935 526 990; x_wconf 79' lang='lat' dir='ltr'><em>flagrantibns</em></span> <span class='ocrx_word' id='word_1_90' title='bbox 541 934 673 988; x_wconf 81' lang='lat' dir='ltr'><em>satisfactio</em></span> <span class='ocrx_word' id='word_1_91' title='bbox 689 935 734 976; x_wconf 86' lang='lat' dir='ltr'><em>ista</em></span> <span class='ocrx_word' id='word_1_92' title='bbox 749 934 820 976; x_wconf 84' lang='lat' dir='ltr'><em>sacri-</em></span> 
     </span>
     <span class='ocr_line' id='line_1_13' title="bbox 33 1002 821 1059; baseline -0.003 -14"><span class='ocrx_word' id='word_1_93' title='bbox 33 1003 141 1057; x_wconf 86' lang='lat' dir='ltr'><em>ficiornne</em></span> <span class='ocrx_word' id='word_1_94' title='bbox 165 1004 286 1058; x_wconf 76' lang='lat' dir='ltr'><em>oggeritnr,</em></span> <span class='ocrx_word' id='word_1_95' title='bbox 308 1017 356 1059; x_wconf 52' lang='lat' dir='ltr'><em>‚non</em></span> <span class='ocrx_word' id='word_1_96' title='bbox 376 1002 465 1058; x_wconf 81' lang='lat' dir='ltr'><em>inqniro</em></span> <span class='ocrx_word' id='word_1_97' title='bbox 486 1010 525 1045; x_wconf 85' lang='lat' dir='ltr'><em>cet.</em></span> <span class='ocrx_word' id='word_1_98' title='bbox 541 1002 577 1044; x_wconf 87' lang='lat' dir='ltr'><em>Ex</em></span> <span class='ocrx_word' id='word_1_99' title='bbox 593 1004 666 1056; x_wconf 87' lang='lat' dir='ltr'><em>capite</em></span> <span class='ocrx_word' id='word_1_100' title='bbox 682 1002 695 1044; x_wconf 88' lang='lat'>7</span> <span class='ocrx_word' id='word_1_101' title='bbox 711 1003 766 1044; x_wconf 88' lang='lat' dir='ltr'><em>haec</em></span> <span class='ocrx_word' id='word_1_102' title='bbox 782 1016 821 1044; x_wconf 89' lang='lat' dir='ltr'><em>ex-</em></span> 
     </span>
     <span class='ocr_line' id='line_1_14' title="bbox 37 1070 820 1127; baseline -0.003 -14"><span class='ocrx_word' id='word_1_103' title='bbox 37 1084 116 1126; x_wconf 89' lang='lat' dir='ltr'><em>cerp0:</em></span> <span class='ocrx_word' id='word_1_104' title='bbox 132 1073 173 1114; x_wconf 90' lang='lat' dir='ltr'><em>sed</em></span> <span class='ocrx_word' id='word_1_105' title='bbox 187 1085 256 1127; x_wconf 75' lang='lat' dir='ltr'><em>nepae</em></span> <span class='ocrx_word' id='word_1_106' title='bbox 271 1071 333 1114; x_wconf 91' lang='lat' dir='ltr'><em>illnd</em></span> <span class='ocrx_word' id='word_1_107' title='bbox 347 1071 395 1113; x_wconf 90' lang='lat' dir='ltr'><em>dici</em></span> <span class='ocrx_word' id='word_1_108' title='bbox 409 1077 452 1113; x_wconf 87' lang='lat' dir='ltr'><em>ant</em></span> <span class='ocrx_word' id='word_1_109' title='bbox 466 1072 548 1113; x_wconf 87' lang='lat' dir='ltr'><em>andire</em></span> <span class='ocrx_word' id='word_1_110' title='bbox 558 1071 657 1126; x_wconf 85' lang='lat' dir='ltr'><em>deposco,</em></span> <span class='ocrx_word' id='word_1_111' title='bbox 666 1070 820 1125; x_wconf 82' lang='lat' dir='ltr'><em>qnasirarnrn</em></span> 
     </span>
     <span class='ocr_line' id='line_1_15' title="bbox 37 1138 821 1193; baseline -0.003 -11"><span class='ocrx_word' id='word_1_112' title='bbox 37 1140 62 1182; x_wconf 91' lang='lat' dir='ltr'><em>in</em></span> <span class='ocrx_word' id='word_1_113' title='bbox 85 1140 186 1182; x_wconf 86' lang='lat' dir='ltr'><em>lconines</em></span> <span class='ocrx_word' id='word_1_114' title='bbox 206 1140 306 1181; x_wconf 87' lang='lat' dir='ltr'><em>lrabeant</em></span> <span class='ocrx_word' id='word_1_115' title='bbox 325 1139 361 1181; x_wconf 93' lang='lat' dir='ltr'><em>dii</em></span> <span class='ocrx_word' id='word_1_116' title='bbox 376 1153 465 1191; x_wconf 90' lang='lat' dir='ltr'><em>cansas,</em></span> <span class='ocrx_word' id='word_1_117' title='bbox 483 1145 510 1181; x_wconf 92' lang='lat' dir='ltr'><em>nt</em></span> <span class='ocrx_word' id='word_1_118' title='bbox 523 1138 648 1193; x_wconf 83' lang='lat' dir='ltr'><em>sacrificiis</em></span> <span class='ocrx_word' id='word_1_119' title='bbox 663 1139 759 1181; x_wconf 84' lang='lat' dir='ltr'><em>deleant</em></span> <span class='ocrx_word' id='word_1_120' title='bbox 773 1152 821 1180; x_wconf 91' lang='lat' dir='ltr'><em>con-</em></span> 
     </span>
     <span class='ocr_line' id='line_1_16' title="bbox 38 1205 821 1261; baseline -0.003 -11"><span class='ocrx_word' id='word_1_121' title='bbox 38 1214 117 1250; x_wconf 82' lang='lat' dir='ltr'><em>tracta</em></span> <span class='ocrx_word' id='word_1_122' title='bbox 133 1207 255 1261; x_wconf 85' lang='lat' dir='ltr'><em>offensione</em></span> <span class='ocrx_word' id='word_1_123' title='bbox 270 1207 369 1250; x_wconf 86' lang='lat' dir='ltr'><em>nrnlceri.</em></span> <span class='ocrx_word' id='word_1_124' title='bbox 386 1207 421 1249; x_wconf 86' lang='lat' dir='ltr'><em>Ex</em></span> <span class='ocrx_word' id='word_1_125' title='bbox 438 1207 511 1261; x_wconf 85' lang='lat' dir='ltr'><em>capite</em></span> <span class='ocrx_word' id='word_1_126' title='bbox 527 1207 552 1249; x_wconf 80' lang='lat'><em>8:</em></span> <span class='ocrx_word' id='word_1_127' title='bbox 569 1206 606 1248; x_wconf 91' lang='lat' dir='ltr'><em>dii</em></span> <span class='ocrx_word' id='word_1_128' title='bbox 620 1205 759 1248; x_wconf 85' lang='lat' dir='ltr'><em>inrnortales</em></span> <span class='ocrx_word' id='word_1_129' title='bbox 770 1207 821 1260; x_wconf 91' lang='lat' dir='ltr'><em>pla-</em></span> 
     </span>
     <span class='ocr_line' id='line_1_17' title="bbox 38 1274 823 1330; baseline -0.004 -12"><span class='ocrx_word' id='word_1_130' title='bbox 38 1282 140 1318; x_wconf 89' lang='lat' dir='ltr'><em>carnenta</em></span> <span class='ocrx_word' id='word_1_131' title='bbox 165 1275 210 1317; x_wconf 85' lang='lat' dir='ltr'><em>ista</em></span> <span class='ocrx_word' id='word_1_132' title='bbox 231 1281 331 1326; x_wconf 86' lang='lat' dir='ltr'><em>snnennt,</em></span> <span class='ocrx_word' id='word_1_133' title='bbox 353 1275 433 1330; x_wconf 80' lang='lat' dir='ltr'><em>qnilas</em></span> <span class='ocrx_word' id='word_1_134' title='bbox 449 1274 498 1316; x_wconf 75' lang='lat' dir='ltr'><em>cras</em></span> <span class='ocrx_word' id='word_1_135' title='bbox 514 1281 582 1329; x_wconf 83' lang='lat' dir='ltr'><em>atqnc</em></span> <span class='ocrx_word' id='word_1_136' title='bbox 596 1274 685 1316; x_wconf 85' lang='lat' dir='ltr'><em>anineos</em></span> <span class='ocrx_word' id='word_1_137' title='bbox 697 1281 787 1328; x_wconf 86' lang='lat' dir='ltr'><em>ponant</em></span> <span class='ocrx_word' id='word_1_138' title='bbox 801 1280 823 1315; x_wconf 88' lang='lat' dir='ltr'><em>et</em></span> 
     </span>
     <span class='ocr_line' id='line_1_18' title="bbox 37 1343 821 1399; baseline -0.003 -13"><span class='ocrx_word' id='word_1_139' title='bbox 37 1344 62 1386; x_wconf 89' lang='lat' dir='ltr'><em>in</em></span> <span class='ocrx_word' id='word_1_140' title='bbox 86 1343 191 1399; x_wconf 79' lang='lat' dir='ltr'><em>gratiane</em></span> <span class='ocrx_word' id='word_1_141' title='bbox 219 1343 270 1385; x_wconf 89' lang='lat' dir='ltr'><em>snis</em></span> <span class='ocrx_word' id='word_1_142' title='bbox 293 1357 342 1385; x_wconf 86' lang='lat' dir='ltr'><em>cnnr</em></span> <span class='ocrx_word' id='word_1_143' title='bbox 366 1343 513 1396; x_wconf 80' lang='lat' dir='ltr'><em>offensoribus</em></span> <span class='ocrx_word' id='word_1_144' title='bbox 536 1343 647 1385; x_wconf 76' lang='lat' dir='ltr'><em>redeant?</em></span> <span class='ocrx_word' id='word_1_145' title='bbox 667 1343 768 1398; x_wconf 87' lang='lat' dir='ltr'><em>Denique</em></span> <span class='ocrx_word' id='word_1_146' title='bbox 792 1357 821 1384; x_wconf 84' lang='lat' dir='ltr'><em>ex</em></span> 
     </span>
     <span class='ocr_line' id='line_1_19' title="bbox 36 1410 821 1466; baseline -0.001 -12"><span class='ocrx_word' id='word_1_147' title='bbox 36 1412 109 1466; x_wconf 87' lang='lat' dir='ltr'><em>capite</em></span> <span class='ocrx_word' id='word_1_148' title='bbox 124 1413 149 1455; x_wconf 86' lang='lat'><em>9:</em></span> <span class='ocrx_word' id='word_1_149' title='bbox 174 1425 225 1466; x_wconf 79' lang='lat' dir='ltr'><em>ergo</em></span> <span class='ocrx_word' id='word_1_150' title='bbox 240 1411 265 1452; x_wconf 84' lang='lat' dir='ltr'><em>ol</em></span> <span class='ocrx_word' id='word_1_151' title='bbox 280 1411 339 1453; x_wconf 80' lang='lat' dir='ltr'><em>lianc</em></span> <span class='ocrx_word' id='word_1_152' title='bbox 354 1424 454 1462; x_wconf 81' lang='lat' dir='ltr'><em>consano,</em></span> <span class='ocrx_word' id='word_1_153' title='bbox 471 1410 497 1452; x_wconf 91' lang='lat' dir='ltr'><em>id</em></span> <span class='ocrx_word' id='word_1_154' title='bbox 512 1417 546 1452; x_wconf 85' lang='lat' dir='ltr'><em>est</em></span> <span class='ocrx_word' id='word_1_155' title='bbox 558 1410 653 1453; x_wconf 83' lang='lat' dir='ltr'><em>nonina</em></span> <span class='ocrx_word' id='word_1_156' title='bbox 666 1417 693 1452; x_wconf 91' lang='lat' dir='ltr'><em>nt</em></span> <span class='ocrx_word' id='word_1_157' title='bbox 701 1411 821 1465; x_wconf 80' lang='lat' dir='ltr'><em>placentne</em></span> 
     </span>
     <span class='ocr_line' id='line_1_20' title="bbox 37 1477 820 1533; baseline -0.004 -11"><span class='ocrx_word' id='word_1_158' title='bbox 37 1480 107 1531; x_wconf 86' lang='lat' dir='ltr'><em>irata,</em></span> <span class='ocrx_word' id='word_1_159' title='bbox 137 1479 238 1521; x_wconf 89' lang='lat' dir='ltr'><em>inaniter</em></span> <span class='ocrx_word' id='word_1_160' title='bbox 261 1478 319 1533; x_wconf 87' lang='lat' dir='ltr'><em>fieri</em></span> <span class='ocrx_word' id='word_1_161' title='bbox 340 1478 459 1532; x_wconf 86' lang='lat' dir='ltr'><em>sacrificia</em></span> <span class='ocrx_word' id='word_1_162' title='bbox 482 1478 589 1520; x_wconf 88' lang='lat' dir='ltr'><em>constitit.</em></span> <span class='ocrx_word' id='word_1_163' title='bbox 614 1477 701 1531; x_wconf 83' lang='lat' dir='ltr'><em>Quibus</em></span> <span class='ocrx_word' id='word_1_164' title='bbox 724 1478 820 1520; x_wconf 86' lang='lat' dir='ltr'><em>Arnobii</em></span> 
     </span>
     <span class='ocr_line' id='line_1_21' title="bbox 36 1546 818 1602; baseline -0.003 -12"><span class='ocrx_word' id='word_1_165' title='bbox 36 1549 109 1590; x_wconf 83' lang='lat' dir='ltr'><em>verbis</em></span> <span class='ocrx_word' id='word_1_166' title='bbox 132 1547 215 1602; x_wconf 85' lang='lat' dir='ltr'><em>aliquid</em></span> <span class='ocrx_word' id='word_1_167' title='bbox 239 1548 322 1589; x_wconf 84' lang='lat' dir='ltr'><em>addere</em></span> <span class='ocrx_word' id='word_1_168' title='bbox 344 1560 400 1601; x_wconf 91' lang='lat' dir='ltr'><em>opus</em></span> <span class='ocrx_word' id='word_1_169' title='bbox 416 1559 462 1589; x_wconf 91' lang='lat' dir='ltr'><em>non</em></span> <span class='ocrx_word' id='word_1_170' title='bbox 478 1552 519 1588; x_wconf 89' lang='lat' dir='ltr'><em>est.</em></span> <span class='ocrx_word' id='word_1_171' title='bbox 536 1546 638 1589; x_wconf 84' lang='lat' dir='ltr'><em>Dilucide</em></span> <span class='ocrx_word' id='word_1_172' title='bbox 654 1548 818 1598; x_wconf 91' lang='lat' dir='ltr'><em>demonstrant,</em></span> 
     </span>
    </p>
   </div>
   <div class='ocr_carea' id='block_1_3' title="bbox 36 1615 753 1671">
    <p class='ocr_par' dir='ltr' id='par_1_3' title="bbox 36 1615 753 1671">
     <span class='ocr_line' id='line_1_22' title="bbox 36 1615 753 1671; baseline -0.003 -13"><span class='ocrx_word' id='word_1_173' title='bbox 36 1629 147 1671; x_wconf 80' lang='lat' dir='ltr'><em>quaenam</em></span> <span class='ocrx_word' id='word_1_174' title='bbox 162 1615 251 1670; x_wconf 88' lang='lat' dir='ltr'><em>publiea</em></span> <span class='ocrx_word' id='word_1_175' title='bbox 267 1620 289 1657; x_wconf 90' lang='lat' dir='ltr'><em>et</em></span> <span class='ocrx_word' id='word_1_176' title='bbox 305 1615 417 1669; x_wconf 87' lang='lat' dir='ltr'><em>popularis</em></span> <span class='ocrx_word' id='word_1_177' title='bbox 433 1615 572 1669; x_wconf 83' lang='lat' dir='ltr'><em>piaculorum</em></span> <span class='ocrx_word' id='word_1_178' title='bbox 588 1615 663 1669; x_wconf 90' lang='lat' dir='ltr'><em>opinio</em></span> <span class='ocrx_word' id='word_1_179' title='bbox 680 1616 753 1657; x_wconf 87' lang='lat' dir='ltr'><em>luerit.</em></span> 
     </span>
    </p>
   </div>
   <div class='ocr_carea' id='block_1_4' title="bbox 3 1751 866 2490">
    <p class='ocr_par' dir='ltr' id='par_1_4' title="bbox 3 1751 866 2490">
     <span class='ocr_line' id='line_1_23' title="bbox 65 1751 820 1806; baseline -0.001 -12"><span class='ocrx_word' id='word_1_180' title='bbox 65 1751 111 1794; x_wconf 88' lang='lat' dir='ltr'><em>Sed</em></span> <span class='ocrx_word' id='word_1_181' title='bbox 127 1758 150 1794; x_wconf 89' lang='lat' dir='ltr'><em>et</em></span> <span class='ocrx_word' id='word_1_182' title='bbox 165 1765 195 1793; x_wconf 83' lang='lat' dir='ltr'><em>ex</em></span> <span class='ocrx_word' id='word_1_183' title='bbox 208 1752 262 1805; x_wconf 90' lang='lat' dir='ltr'><em>ipsis</em></span> <span class='ocrx_word' id='word_1_184' title='bbox 278 1751 416 1805; x_wconf 86' lang='lat' dir='ltr'><em>piaculorum</em></span> <span class='ocrx_word' id='word_1_185' title='bbox 440 1752 562 1794; x_wconf 91' lang='lat' dir='ltr'><em>ritibus</em></span> <span class='ocrx_word' id='word_1_186' title='bbox 586 1752 820 1806; x_wconf 88' lang='lat' dir='ltr'><em>muneribusque</em></span> 
     </span>
     <span class='ocr_line' id='line_1_24' title="bbox 36 1819 821 1874; baseline -0.001 -12"><span class='ocrx_word' id='word_1_187' title='bbox 36 1821 68 1862; x_wconf 87' lang='lat' dir='ltr'><em>vis</em></span> <span class='ocrx_word' id='word_1_188' title='bbox 83 1820 206 1874; x_wconf 85' lang='lat' dir='ltr'><em>placatoria</em></span> <span class='ocrx_word' id='word_1_189' title='bbox 222 1820 322 1862; x_wconf 87' lang='lat' dir='ltr'><em>sacrificii</em></span> <span class='ocrx_word' id='word_1_190' title='bbox 337 1826 437 1873; x_wconf 87' lang='lat' dir='ltr'><em>apparet.</em></span> <span class='ocrx_word' id='word_1_191' title='bbox 454 1820 543 1862; x_wconf 80' lang='lat' dir='ltr'><em>Etenim</em></span> <span class='ocrx_word' id='word_1_192' title='bbox 559 1821 581 1861; x_wconf 91' lang='lat' dir='ltr'><em>in</em></span> <span class='ocrx_word' id='word_1_193' title='bbox 596 1820 734 1862; x_wconf 86' lang='lat' dir='ltr'><em>immolanda</em></span> <span class='ocrx_word' id='word_1_194' title='bbox 747 1819 821 1862; x_wconf 90' lang='lat' dir='ltr'><em>hostia</em></span> 
     </span>
     <span class='ocr_line' id='line_1_25' title="bbox 3 1884 819 1943; baseline 0 -14"><span class='ocrx_word' id='word_1_195' title='bbox 3 1884 4 1889; x_wconf 67' lang='grc'>’</span> <span class='ocrx_word' id='word_1_196' title='bbox 35 1901 108 1942; x_wconf 88' lang='lat' dir='ltr'><em>neque</em></span> <span class='ocrx_word' id='word_1_197' title='bbox 131 1901 210 1930; x_wconf 87' lang='lat' dir='ltr'><em>manus</em></span> <span class='ocrx_word' id='word_1_198' title='bbox 225 1888 312 1930; x_wconf 83' lang='lat' dir='ltr'><em>hostiae</em></span> <span class='ocrx_word' id='word_1_199' title='bbox 327 1888 507 1942; x_wconf 83' lang='lat' dir='ltr'><em>imponebantur,</em></span> <span class='ocrx_word' id='word_1_200' title='bbox 524 1901 566 1930; x_wconf 86' lang='lat' dir='ltr'><em>nec</em></span> <span class='ocrx_word' id='word_1_201' title='bbox 582 1887 641 1930; x_wconf 90' lang='lat' dir='ltr'><em>aliud</em></span> <span class='ocrx_word' id='word_1_202' title='bbox 658 1888 753 1942; x_wconf 90' lang='lat' dir='ltr'><em>quodvis</em></span> <span class='ocrx_word' id='word_1_203' title='bbox 769 1901 819 1943; x_wconf 86' lang='lat' dir='ltr'><em>age-</em></span> 
     </span>
     <span class='ocr_line' id='line_1_26' title="bbox 35 1955 819 2013; baseline 0 -15"><span class='ocrx_word' id='word_1_204' title='bbox 35 1957 107 2007; x_wconf 85' lang='lat' dir='ltr'><em>batur,</em></span> <span class='ocrx_word' id='word_1_205' title='bbox 123 1969 168 2010; x_wconf 91' lang='lat' dir='ltr'><em>quo</em></span> <span class='ocrx_word' id='word_1_206' title='bbox 184 1956 265 1998; x_wconf 89' lang='lat' dir='ltr'><em>delicta</em></span> <span class='ocrx_word' id='word_1_207' title='bbox 281 1957 309 2013; x_wconf 89' lang='lat' dir='ltr'><em>ab</em></span> <span class='ocrx_word' id='word_1_208' title='bbox 325 1955 415 1997; x_wconf 89' lang='lat' dir='ltr'><em>homine</em></span> <span class='ocrx_word' id='word_1_209' title='bbox 431 1956 453 1997; x_wconf 92' lang='lat' dir='ltr'><em>in</em></span> <span class='ocrx_word' id='word_1_210' title='bbox 470 1956 583 1998; x_wconf 85' lang='lat' dir='ltr'><em>victimam</em></span> <span class='ocrx_word' id='word_1_211' title='bbox 596 1957 819 1999; x_wconf 85' lang='lat' dir='ltr'><em>translerrivideren-</em></span> 
     </span>
     <span class='ocr_line' id='line_1_27' title="bbox 34 2023 818 2079; baseline -0.001 -12"><span class='ocrx_word' id='word_1_212' title='bbox 34 2032 81 2075; x_wconf 75' lang='lat' dir='ltr'><em>tur,</em></span> <span class='ocrx_word' id='word_1_213' title='bbox 105 2031 184 2066; x_wconf 89' lang='lat' dir='ltr'><em>contra</em></span> <span class='ocrx_word' id='word_1_214' title='bbox 206 2023 366 2067; x_wconf 85' lang='lat' dir='ltr'><em>immolationis</em></span> <span class='ocrx_word' id='word_1_215' title='bbox 382 2037 473 2066; x_wconf 87' lang='lat' dir='ltr'><em>carmen</em></span> <span class='ocrx_word' id='word_1_216' title='bbox 489 2037 551 2066; x_wconf 86' lang='lat' dir='ltr'><em>mere</em></span> <span class='ocrx_word' id='word_1_217' title='bbox 566 2025 744 2079; x_wconf 88' lang='lat' dir='ltr'><em>propitiatorium</em></span> <span class='ocrx_word' id='word_1_218' title='bbox 760 2031 818 2068; x_wconf 87' lang='lat' dir='ltr'><em>erat:</em></span> 
     </span>
     <span class='ocr_line' id='line_1_28' title="bbox 35 2090 818 2150; baseline 0.001 -17"><span class='ocrx_word' id='word_1_219' title='bbox 35 2092 71 2134; x_wconf 89' lang='lat' dir='ltr'><em>ati</em></span> <span class='ocrx_word' id='word_1_220' title='bbox 98 2091 125 2134; x_wconf 93' lang='lat' dir='ltr'><em>icl</em></span> <span class='ocrx_word' id='word_1_221' title='bbox 145 2098 202 2134; x_wconf 84' lang='lat' dir='ltr'><em>recte</em></span> <span class='ocrx_word' id='word_1_222' title='bbox 220 2090 312 2145; x_wconf 86' lang='lat' dir='ltr'><em>sactnrn</em></span> <span class='ocrx_word' id='word_1_223' title='bbox 335 2090 422 2134; x_wconf 85' lang='lat' dir='ltr'><em>siet...</em></span> <span class='ocrx_word' id='word_1_224' title='bbox 447 2098 474 2150; x_wconf 85' lang='lat' dir='ltr'><em>nt</em></span> <span class='ocrx_word' id='word_1_225' title='bbox 496 2091 542 2133; x_wconf 89' lang='lat' dir='ltr'><em>sies</em></span> <span class='ocrx_word' id='word_1_226' title='bbox 564 2093 640 2134; x_wconf 84' lang='lat' dir='ltr'><em>volens</em></span> <span class='ocrx_word' id='word_1_227' title='bbox 659 2092 818 2147; x_wconf 86' lang='lat' dir='ltr'><em>propitias...</em></span> 
     </span>
     <span class='ocr_line' id='line_1_29' title="bbox 34 2160 866 2219; baseline 0.001 -17"><span class='ocrx_word' id='word_1_228' title='bbox 34 2161 140 2202; x_wconf 84' lang='lat' dir='ltr'><em>lcarnnicc</em></span> <span class='ocrx_word' id='word_1_229' title='bbox 161 2173 236 2202; x_wconf 86' lang='lat' dir='ltr'><em>rerarn</em></span> <span class='ocrx_word' id='word_1_230' title='bbox 260 2174 310 2219; x_wconf 75' lang='lat' dir='ltr'><em>ergo</em></span> <span class='ocrx_word' id='word_1_231' title='bbox 333 2167 404 2202; x_wconf 84' lang='lat' dir='ltr'><em>noete</em></span> <span class='ocrx_word' id='word_1_232' title='bbox 426 2160 465 2202; x_wconf 84' lang='lat' dir='ltr'><em>leoc</em></span> <span class='ocrx_word' id='word_1_233' title='bbox 486 2166 551 2214; x_wconf 88' lang='lat' dir='ltr'><em>porco</em></span> <span class='ocrx_word' id='word_1_234' title='bbox 571 2160 663 2214; x_wconf 88' lang='lat' dir='ltr'><em>piacnlo</em></span> <span class='ocrx_word' id='word_1_235' title='bbox 690 2161 819 2204; x_wconf 86' lang='lat' dir='ltr'><em>inrnolando</em></span> <span class='ocrx_word' id='word_1_236' title='bbox 865 2212 866 2215; x_wconf 11' lang='grc' dir='ltr'><strong>Ἴ</strong></span> 
     </span>
     <span class='ocr_line' id='line_1_30' title="bbox 35 2226 819 2285; baseline 0.004 -16"><span class='ocrx_word' id='word_1_237' title='bbox 35 2234 85 2278; x_wconf 88' lang='lat' dir='ltr'><em>esto,</em></span> <span class='ocrx_word' id='word_1_238' title='bbox 110 2226 203 2270; x_wconf 69' lang='lat' dir='ltr'><em>cf.&#39;Cat.</em></span> <span class='ocrx_word' id='word_1_239' title='bbox 219 2228 247 2269; x_wconf 91' lang='lat' dir='ltr'><em>de</em></span> <span class='ocrx_word' id='word_1_240' title='bbox 262 2241 311 2282; x_wconf 80' lang='lat' dir='ltr'><em>agr.</em></span> <span class='ocrx_word' id='word_1_241' title='bbox 331 2230 379 2271; x_wconf 79' lang='lat'><em>139.</em></span> <span class='ocrx_word' id='word_1_242' title='bbox 396 2227 491 2283; x_wconf 85' lang='lat' dir='ltr'><em>Sanguis</em></span> <span class='ocrx_word' id='word_1_243' title='bbox 508 2236 582 2271; x_wconf 88' lang='lat' dir='ltr'><em>autem</em></span> <span class='ocrx_word' id='word_1_244' title='bbox 599 2242 644 2270; x_wconf 89' lang='lat' dir='ltr'><em>non</em></span> <span class='ocrx_word' id='word_1_245' title='bbox 660 2231 770 2285; x_wconf 84' lang='lat' dir='ltr'><em>purgandi</em></span> <span class='ocrx_word' id='word_1_246' title='bbox 785 2230 819 2272; x_wconf 89' lang='lat' dir='ltr'><em>vel</em></span> 
     </span>
     <span class='ocr_line' id='line_1_31' title="bbox 34 2295 819 2352; baseline 0.004 -15"><span class='ocrx_word' id='word_1_247' title='bbox 34 2295 142 2337; x_wconf 90' lang='lat' dir='ltr'><em>lustrandi</em></span> <span class='ocrx_word' id='word_1_248' title='bbox 166 2309 233 2338; x_wconf 88' lang='lat' dir='ltr'><em>causa</em></span> <span class='ocrx_word' id='word_1_249' title='bbox 255 2296 410 2347; x_wconf 81' lang='lat' dir='ltr'><em>adhibebatur,</em></span> <span class='ocrx_word' id='word_1_250' title='bbox 427 2297 468 2338; x_wconf 87' lang='lat' dir='ltr'><em>sed</em></span> <span class='ocrx_word' id='word_1_251' title='bbox 484 2310 514 2337; x_wconf 84' lang='lat' dir='ltr'><em>ex</em></span> <span class='ocrx_word' id='word_1_252' title='bbox 528 2296 616 2338; x_wconf 88' lang='lat' dir='ltr'><em>hostiae</em></span> <span class='ocrx_word' id='word_1_253' title='bbox 631 2298 740 2352; x_wconf 80' lang='lat' dir='ltr'><em>sanguine</em></span> <span class='ocrx_word' id='word_1_254' title='bbox 755 2312 819 2352; x_wconf 84' lang='lat' dir='ltr'><em>para-</em></span> 
     </span>
     <span class='ocr_line' id='line_1_32' title="bbox 34 2361 819 2419; baseline 0.004 -15"><span class='ocrx_word' id='word_1_255' title='bbox 34 2364 116 2405; x_wconf 85' lang='lat' dir='ltr'><em>bantur</em></span> <span class='ocrx_word' id='word_1_256' title='bbox 139 2364 263 2419; x_wconf 84' lang='lat' dir='ltr'><em>sanguiculi</em></span> <span class='ocrx_word' id='word_1_257' title='bbox 273 2361 296 2419; x_wconf 83' lang='lat'><em>¹),</em></span> <span class='ocrx_word' id='word_1_258' title='bbox 321 2364 358 2417; x_wconf 88' lang='lat' dir='ltr'><em>qui</em></span> <span class='ocrx_word' id='word_1_259' title='bbox 375 2376 426 2405; x_wconf 91' lang='lat' dir='ltr'><em>cum</em></span> <span class='ocrx_word' id='word_1_260' title='bbox 442 2363 545 2417; x_wconf 87' lang='lat' dir='ltr'><em>primitiis</em></span> <span class='ocrx_word' id='word_1_261' title='bbox 561 2363 698 2418; x_wconf 79' lang='lat' dir='ltr'><em>singulorum</em></span> <span class='ocrx_word' id='word_1_262' title='bbox 715 2372 819 2408; x_wconf 87' lang='lat' dir='ltr'><em>extorum</em></span> 
     </span>
     <span class='ocr_line' id='line_1_33' title="bbox 34 2429 819 2490; baseline 0.003 -17"><span class='ocrx_word' id='word_1_263' title='bbox 34 2438 101 2485; x_wconf 87' lang='lat' dir='ltr'><em>atque</em></span> <span class='ocrx_word' id='word_1_264' title='bbox 124 2433 277 2474; x_wconf 84' lang='lat' dir='ltr'><em>membrorum</em></span> <span class='ocrx_word' id='word_1_265' title='bbox 301 2431 402 2473; x_wconf 88' lang='lat' dir='ltr'><em>omniurn</em></span> <span class='ocrx_word' id='word_1_266' title='bbox 419 2431 478 2474; x_wconf 82' lang='lat' dir='ltr'><em>farre</em></span> <span class='ocrx_word' id='word_1_267' title='bbox 494 2445 585 2485; x_wconf 88' lang='lat' dir='ltr'><em>aspersa</em></span> <span class='ocrx_word' id='word_1_268' title='bbox 600 2432 622 2473; x_wconf 91' lang='lat' dir='ltr'><em>in</em></span> <span class='ocrx_word' id='word_1_269' title='bbox 639 2434 744 2475; x_wconf 86' lang='lat' dir='ltr'><em>canistris</em></span> <span class='ocrx_word' id='word_1_270' title='bbox 751 2429 768 2490; x_wconf 78' lang='lat'><em>²)</em></span> <span class='ocrx_word' id='word_1_271' title='bbox 785 2434 819 2475; x_wconf 88' lang='lat' dir='ltr'><em>dis</em></span> 
     </span>
    </p>
   </div>
   <div class='ocr_carea' id='block_1_5' title="bbox 34 2564 819 2835">
    <p class='ocr_par' dir='ltr' id='par_1_5' title="bbox 34 2564 819 2724">
     <span class='ocr_line' id='line_1_34' title="bbox 59 2564 818 2611; baseline 0 -12"><span class='ocrx_word' id='word_1_272' title='bbox 59 2564 75 2611; x_wconf 83' lang='lat'><em>1)</em></span> <span class='ocrx_word' id='word_1_273' title='bbox 89 2564 117 2601; x_wconf 85' lang='lat' dir='ltr'><em>Cf.</em></span> <span class='ocrx_word' id='word_1_274' title='bbox 131 2565 190 2601; x_wconf 86' lang='lat' dir='ltr'><em>etiam</em></span> <span class='ocrx_word' id='word_1_275' title='bbox 202 2565 275 2601; x_wconf 88' lang='lat' dir='ltr'><em>Arnob.</em></span> <span class='ocrx_word' id='word_1_276' title='bbox 289 2565 332 2600; x_wconf 82' lang='lat' dir='ltr'><em>aaa.</em></span> <span class='ocrx_word' id='word_1_277' title='bbox 346 2568 384 2599; x_wconf 85' lang='lat' dir='ltr'><em>reat.</em></span> <span class='ocrx_word' id='word_1_278' title='bbox 395 2565 458 2601; x_wconf 80' lang='lat' dir='ltr'><em>Vll24</em></span> <span class='ocrx_word' id='word_1_279' title='bbox 466 2564 818 2611; x_wconf 53' lang='lat' dir='ltr'><em>arrcenrangrcinnne(parmanente).</em></span> 
     </span>
     <span class='ocr_line' id='line_1_35' title="bbox 34 2621 819 2668; baseline -0.001 -11"><span class='ocrx_word' id='word_1_280' title='bbox 34 2621 78 2657; x_wconf 87' lang='lat' dir='ltr'><em>Non</em></span> <span class='ocrx_word' id='word_1_281' title='bbox 91 2621 166 2665; x_wconf 86' lang='lat' dir='ltr'><em>dubito,</em></span> <span class='ocrx_word' id='word_1_282' title='bbox 180 2622 227 2667; x_wconf 90' lang='lat' dir='ltr'><em>quin</em></span> <span class='ocrx_word' id='word_1_283' title='bbox 237 2621 365 2667; x_wconf 81' lang='lat' dir='ltr'><em>saagancnlns</em></span> <span class='ocrx_word' id='word_1_284' title='bbox 379 2632 465 2667; x_wconf 90' lang='lat' dir='ltr'><em>quoque,</em></span> <span class='ocrx_word' id='word_1_285' title='bbox 479 2632 538 2668; x_wconf 86' lang='lat' dir='ltr'><em>quem</em></span> <span class='ocrx_word' id='word_1_286' title='bbox 550 2626 602 2657; x_wconf 81' lang='lat' dir='ltr'><em>teste</em></span> <span class='ocrx_word' id='word_1_287' title='bbox 614 2622 692 2658; x_wconf 88' lang='lat' dir='ltr'><em>Dessau</em></span> <span class='ocrx_word' id='word_1_288' title='bbox 705 2624 752 2658; x_wconf 81' lang='lat'>9522</span> <span class='ocrx_word' id='word_1_289' title='bbox 764 2633 782 2657; x_wconf 81' lang='lat' dir='ltr'><em>v.</em></span> <span class='ocrx_word' id='word_1_290' title='bbox 798 2625 819 2656; x_wconf 82' lang='grc'><em>12</em></span> 
     </span>
     <span class='ocr_line' id='line_1_36' title="bbox 34 2676 628 2724; baseline -0.002 -11"><span class='ocrx_word' id='word_1_291' title='bbox 34 2678 139 2724; x_wconf 83' lang='lat' dir='ltr'><em>gustabant</em></span> <span class='ocrx_word' id='word_1_292' title='bbox 151 2678 239 2720; x_wconf 84' lang='lat' dir='ltr'><em>Arvales,</em></span> <span class='ocrx_word' id='word_1_293' title='bbox 252 2678 272 2713; x_wconf 91' lang='lat' dir='ltr'><em>in</em></span> <span class='ocrx_word' id='word_1_294' title='bbox 285 2679 337 2714; x_wconf 86' lang='lat' dir='ltr'><em>extis</em></span> <span class='ocrx_word' id='word_1_295' title='bbox 349 2676 456 2714; x_wconf 88' lang='lat' dir='ltr'><em>reddendis</em></span> <span class='ocrx_word' id='word_1_296' title='bbox 468 2679 498 2714; x_wconf 90' lang='lat' dir='ltr'><em>dis</em></span> <span class='ocrx_word' id='word_1_297' title='bbox 511 2678 572 2714; x_wconf 88' lang='lat' dir='ltr'><em>oblati</em></span> <span class='ocrx_word' id='word_1_298' title='bbox 584 2678 628 2713; x_wconf 89' lang='lat' dir='ltr'><em>sint.</em></span> 
     </span>
    </p>

    <p class='ocr_par' dir='ltr' id='par_1_6' title="bbox 34 2731 818 2835">
     <span class='ocr_line' id='line_1_37' title="bbox 58 2731 818 2779; baseline 0.001 -11"><span class='ocrx_word' id='word_1_299' title='bbox 58 2735 77 2779; x_wconf 81' lang='lat'><em>2)</em></span> <span class='ocrx_word' id='word_1_300' title='bbox 91 2733 119 2768; x_wconf 87' lang='lat' dir='ltr'><em>Ci.</em></span> <span class='ocrx_word' id='word_1_301' title='bbox 138 2733 218 2778; x_wconf 89' lang='lat' dir='ltr'><em>Dionys.</em></span> <span class='ocrx_word' id='word_1_302' title='bbox 238 2734 272 2769; x_wconf 93' lang='lat' dir='ltr'><em>Vll</em></span> <span class='ocrx_word' id='word_1_303' title='bbox 286 2737 308 2769; x_wconf 86' lang='lat'><em>72</em></span> <span class='ocrx_word' id='word_1_304' title='bbox 322 2739 341 2769; x_wconf 86' lang='lat' dir='ltr'><em>et</em></span> <span class='ocrx_word' id='word_1_305' title='bbox 353 2734 444 2770; x_wconf 88' lang='lat' dir='ltr'><em>Lactant.</em></span> <span class='ocrx_word' id='word_1_306' title='bbox 457 2735 480 2771; x_wconf 87' lang='lat' dir='ltr'><em>ad</em></span> <span class='ocrx_word' id='word_1_307' title='bbox 495 2733 542 2770; x_wconf 83' lang='lat' dir='ltr'><em>Stat.</em></span> <span class='ocrx_word' id='word_1_308' title='bbox 559 2731 611 2769; x_wconf 82' lang='lat' dir='ltr'><em>Tneo.</em></span> <span class='ocrx_word' id='word_1_309' title='bbox 623 2734 641 2769; x_wconf 87' lang='lat' dir='ltr'>V</span> <span class='ocrx_word' id='word_1_310' title='bbox 653 2734 693 2769; x_wconf 82' lang='lat'><em>641.</em></span> <span class='ocrx_word' id='word_1_311' title='bbox 706 2733 756 2769; x_wconf 88' lang='lat' dir='ltr'><em>Vide</em></span> <span class='ocrx_word' id='word_1_312' title='bbox 769 2733 818 2769; x_wconf 84' lang='lat' dir='ltr'><em>lilar-</em></span> 
     </span>
     <span class='ocr_line' id='line_1_38' title="bbox 34 2788 749 2835; baseline 0 -10"><span class='ocrx_word' id='word_1_313' title='bbox 34 2789 171 2835; x_wconf 85' lang='lat' dir='ltr'><em>quardt-Wiss.</em></span> <span class='ocrx_word' id='word_1_314' title='bbox 185 2789 208 2823; x_wconf 74' lang='lat' dir='ltr'><em>lt.</em></span> <span class='ocrx_word' id='word_1_315' title='bbox 221 2788 245 2825; x_wconf 87' lang='lat' dir='ltr'><em>St.</em></span> <span class='ocrx_word' id='word_1_316' title='bbox 265 2789 284 2824; x_wconf 82' lang='lat' dir='ltr'><em>ll.</em></span> <span class='ocrx_word' id='word_1_317' title='bbox 298 2790 328 2833; x_wconf 85' lang='lat' dir='ltr'><em>lll,</em></span> <span class='ocrx_word' id='word_1_318' title='bbox 341 2800 358 2834; x_wconf 90' lang='lat' dir='ltr'><em>p.</em></span> <span class='ocrx_word' id='word_1_319' title='bbox 374 2792 408 2825; x_wconf 75' lang='lat'><em>183</em></span> <span class='ocrx_word' id='word_1_320' title='bbox 421 2801 456 2835; x_wconf 80' lang='lat' dir='ltr'><em>sq,</em></span> <span class='ocrx_word' id='word_1_321' title='bbox 470 2791 502 2835; x_wconf 90' lang='lat' dir='ltr'><em>qui</em></span> <span class='ocrx_word' id='word_1_322' title='bbox 515 2790 571 2835; x_wconf 88' lang='lat' dir='ltr'><em>plura</em></span> <span class='ocrx_word' id='word_1_323' title='bbox 583 2790 643 2826; x_wconf 86' lang='lat' dir='ltr'><em>habet</em></span> <span class='ocrx_word' id='word_1_324' title='bbox 655 2791 680 2826; x_wconf 80' lang='lat' dir='ltr'><em>de</em></span> <span class='ocrx_word' id='word_1_325' title='bbox 694 2790 749 2825; x_wconf 85' lang='lat' dir='ltr'><em>extis.</em></span> 
     </span>
    </p>
   </div>
   <div class='ocr_carea' id='block_1_6' title="bbox 0 0 1030 3214">
    <p class='ocr_par' dir='ltr' id='par_1_7' title="bbox 0 0 1030 3214">
     <span class='ocr_line' id='line_1_39' title="bbox 0 0 1030 3214; baseline 0 1"><span class='ocrx_word' id='word_1_326' title='bbox 0 0 1030 3214; x_wconf 95' lang='lat' dir='ltr'><em> </em></span> 
     </span>
    </p>
   </div>
  </div>
 </body>
</html>
