2051 3214
395 529 397 533 ’
452 537 551 582 CAPUT
567 538 721 582 ALTERUM.

383 696 411 724 DE
426 695 495 724 vnnns
511 696 648 726 PmCULoRUM
663 695 786 725 GENERIBUS.

223 791 309 833 Omnes
332 799 357 834 ut
380 793 408 834 de
432 805 456 833 re
479 792 582 835 universa
603 793 683 845 dicam,
699 799 747 835 turn
763 792 827 834 huius
844 792 923 834 aetatis
938 791 978 832 viri

193 860 260 911 docti,
277 866 324 901 tum
341 861 425 915 antiqui
441 860 561 913 scriptores
576 850 617 902 hac
633 861 661 903 de
678 874 701 902 re
716 862 774 903 inter
789 874 813 903 se
828 860 977 911 consentiunt,

193 928 280 981 piaculo
296 928 344 969 fieri
360 929 449 979 debere,
467 941 518 970 cum
534 935 612 983 agatur
628 930 656 970 de
671 929 724 971 iuris
741 928 807 971 divini
823 927 948 971 violatione.

224 994 280 1037 Cum
304 1003 380 1039 autem
402 997 424 1038 in
448 997 496 1038 iure
520 997 679 1039 constituendo
703 997 747 1038 iam
770 997 822 1039 inde
837 996 865 1038 ab
881 996 977 1050 antiquis

194 1064 334 1117 temporibus
350 1064 447 1107 Romani
463 1078 489 1106 ea
505 1078 562 1119 quae
578 1065 627 1119 quis
650 1066 792 1118 prudens
816 1071 845 1107 et
869 1064 977 1106 sciens

196 1122 283 1186 peragit
298 1132 327 1174 ab
343 1133 369 1174 iis
384 1146 441 1188 quae
462 1146 512 1186 per
532 1133 757 1186 imprudentiam
778 1139 807 1176 et
830 1134 862 1175 ab
883 1132 977 1174 inscio

194 1206 331 1257 peraguntur
354 1208 415 1243 recte
438 1200 613 1252 diiudicaverint,
629 1201 651 1243 in
667 1200 761 1254 piaculis
774 1214 864 1255 quoque
878 1194 977 1255 perscru-

194 1267 268 1309 tandis
285 1268 356 1310 simile
372 1269 491 1310 discrimen
507 1275 610 1311 accurate
618 1268 682 1311 nobis
691 1269 824 1311 servandum
833 1269 881 1312 erit.
889 1267 977 1311 Etenim

181 1334 298 1377 laesionis
314 1336 335 1377 vi
350 1349 376 1378 ac
392 1343 471 1379 natura
486 1342 578 1387 mutata,
595 1351 621 1378 ea
637 1349 725 1391 quoque
738 1350 796 1392 quae
810 1349 839 1378 ex
846 1337 893 1378 iure
903 1337 976 1378 divino

195 1416 246 1445 cum
261 1402 298 1445 illa
313 1403 412 1446 laesione
428 1405 547 1446 coniuncta
562 1411 620 1459 sunt,
638 1411 752 1446 mutentur
767 1416 860 1446 necesse
876 1410 917 1446 est.

224 1470 300 1525 Quare
320 1473 348 1514 de
364 1472 480 1526 utriusque
496 1472 620 1515 violationis
637 1472 703 1515 divini
719 1472 771 1514 iuris
787 1470 874 1525 piaculo
890 1484 977 1525 separa-

194 1539 235 1581 tim
251 1546 286 1582 est
302 1540 468 1594 disputandum.
906 1543 907 1546 ’

490 1674 565 1716 Pars
586 1675 682 1728 prior.

252 1784 288 1826 De
299 1782 391 1838 piaculo
407 1783 469 1825 sacri
484 1784 511 1825 ab
528 1783 668 1838 imprudente
684 1783 731 1826 sive
746 1781 858 1825 commissi
873 1782 921 1824 sive

493 1850 645 1893 cmm'trmm'
657 1847 681 1906 1).

225 1951 275 1994 Hoc
291 1965 343 2005 prae
359 1952 439 1994 ceteris
455 1951 542 1993 videtur
555 1952 686 2002 notandum,
700 1950 807 1994 Romanis
820 1950 977 1993 hancconsue-

196 2020 297 2063 tudinem
310 2019 551 2070 luisse‚utnonmodo
572 2020 640 2061 iure
662 2018 772 2061 divino
793 2032 907 2072 reapse
923 2019 977 2061 vio-

196 2088 265 2140 lato,
289 2088 413 2130 sedetiam
438 2100 469 2128 re
493 2086 563 2129 licet
584 2087 662 2128 nulla
682 2085 760 2129 facta
781 2093 858 2129 esset
878 2086 976 2138 laesio,

196 2156 277 2198 timore
293 2154 366 2198 solum
384 2156 511 2209 perductos,
528 2168 556 2197 ne
571 2155 594 2196 in
610 2155 742 2209 quibusdam
759 2155 826 2196 sacris
842 2154 885 2196 ritu
901 2153 977 2196 diffici-

196 2223 287 2266 lioribus
302 2237 342 2277 per
357 2223 530 2277 imprudentiam
544 2237 556 2264 a
570 2223 648 2265 divinis
661 2224 790 2264 aberrarent
801 2223 914 2273 institutis,
923 2223 977 2265 deos

190 2293 241 2345 siam
261 2298 314 2334 ante
335 2290 443 2333 solemnia
458 2291 585 2346 peragenda
601 2291 679 2333 hostiis
694 2290 808 2344 placarent
823 2290 977 2343 piacularibus.

197 2359 258 2414 Quas
274 2360 358 2402 hostias
371 2359 537 2414 praecidamus
552 2373 602 2402 esse
618 2360 744 2402 nominatas
760 2365 839 2412 postea
847 2358 977 2401 videbimus.

227 2426 283 2469 Cum
306 2434 381 2470 autern
406 2441 463 2481 quae
486 2440 564 2480 reapse
586 2428 642 2470 fiunt
657 2427 709 2469 iuris
725 2426 793 2468 divini
808 2426 923 2483 laesiones,
939 2434 977 2470 aut

197 2496 284 2537 intra
321 2509 414 2537 sacra
445 2496 573 2550 peragenda
604 2502 642 2538 aut
673 2501 767 2537 extra
798 2495 975 2547 committantur,

196 2563 304 2606 Romanis
328 2563 398 2606 altera
420 2576 510 2618 quoque
534 2569 568 2605 est
591 2563 662 2615 huius,
686 2562 755 2605 altera
776 2561 832 2605 illius
853 2563 977 2606 violationis

221 2728 239 2772 1)
253 2729 311 2775 Quod
331 2730 355 2765 ad
371 2730 492 2765 locutionem
509 2728 578 2765 attinet
590 2728 642 2763 sacri
654 2728 750 2773 conmissi,
763 2739 814 2774 qnae
826 2729 878 2765 idem
890 2729 941 2764 valet
955 2740 977 2765 ac

198 2783 260 2819 divim
271 2783 320 2837 ium's
332 2784 394 2828 mesto,
405 2785 430 2821 cf.
444 2784 483 2822 Cic.
496 2784 518 2819 de
530 2784 565 2831 leg.
578 2785 594 2819 ll
606 2789 635 2820 22.
