2051 3214
402 143 443 184 133

30 257 132 311 Graecos
150 275 172 311 et
188 268 323 312 Macedones
340 269 401 310 oanis
416 268 548 311 sacrificium
564 281 632 323 saepe
648 269 691 311 vim
707 268 811 311 habuisse

29 335 143 380 lustralem
154 333 177 393 ¹),
201 337 241 379 sed
263 337 304 379 illis
325 335 493 380 lustrationibus
514 337 546 380 uti
569 332 597 380 ad
620 337 723 380 Romana
744 337 811 379 inter-

29 405 138 458 pretanda
161 405 246 459 piacula
266 418 440 460 praeproperum
463 407 556 448 videtur.
572 405 629 447 Nam
646 412 670 448 ut
686 406 714 448 de
729 405 811 448 Roma-

30 487 110 516 norum
133 473 211 517 hostiis
234 474 318 516 caninis
340 473 425 528 loquar,
446 487 556 528 quaenam
580 475 612 515 vis
628 473 695 516 fuerit
710 474 811 515 sacrificii

31 541 190 595 Lupercalibus
215 542 267 585 facti
290 543 316 584 lis
340 542 398 590 inter
422 543 501 585 doctos
522 542 567 594 est;
585 549 607 584 et
623 544 686 598 origo
702 542 810 593 sacrificii,

31 611 91 665 quod
114 610 219 666 Robigini
241 610 406 662 immolabatur,
429 612 471 664 ipsi
486 607 583 653 Romani
597 610 649 652 licet
664 610 810 665 placatorium

24 675 179 732 'habuerint²)‚
200 680 292 721 omnino
316 679 401 721 incerta
424 687 464 722 est.
486 678 541 722 Cum
558 685 633 721 autem
650 686 739 722 constet
754 679 810 721 anti-

30 760 86 801 quos
117 746 231 790 Romanos
250 746 374 789 catulorum
395 747 524 790 lactentium
548 760 638 790 carnem
661 754 708 790 tam
731 760 810 801 puram

30 814 141 868 habuisse,
165 822 190 857 ut
213 829 259 858 non
283 815 354 858 solum
379 829 428 857 eam
451 817 493 870 ipsi
517 816 616 866 ederent,
637 816 759 858 sedetiam
776 816 809 858 dis

29 883 52 925 in
76 884 170 925 deorum
194 884 264 938 epulis
289 884 403 935 offerrent,
427 897 472 927 non
496 891 531 926 est
546 897 585 927 eur
600 896 708 939 negemus
723 883 810 937 piacula

30 953 109 994 canina
124 953 270 1007 agricolarum
287 966 338 994 vere
351 952 423 995 luisse
438 952 545 995 sacrificia
560 952 688 1006 placatoria.
703 951 737 994 Cf.
750 951 810 994 Paul.

30 1019 53 1062 M
68 1021 97 1062 45
113 1020 132 1062 L
149 1022 178 1064 39
193 1020 319 1071 catulinum
335 1034 424 1063 carnem
441 1020 565 1074 esitavisse,
582 1020 620 1062 noc
636 1027 670 1062 est
684 1020 808 1071 comedisse,
856 1017 857 1020 ’

30 1089 149 1143 Romanas,
163 1089 260 1131 Plantas
276 1089 300 1130 in
316 1088 436 1132 Saturione
450 1088 522 1142 ecfert
536 1096 564 1148 et,
574 1088 628 1130 Plin.
645 1089 674 1131 N.
691 1088 720 1133 H.
737 1088 810 1130 XXIX

30 1157 58 1199 58
82 1159 169 1199 catalos
190 1158 296 1199 lactentes
312 1157 366 1198 adea
378 1163 449 1211 paras
464 1151 629 1199 existimabant
642 1157 674 1198 ad
689 1156 768 1208 cibam,
785 1162 812 1197 at

31 1225 98 1266 eliani
119 1224 243 1279 placandis
267 1224 398 1266 naiteinibas
420 1225 546 1267 liastiarana
570 1224 617 1266 uice
636 1231 752 1267 alerentur
773 1224 810 1266 iis.

32 1291 126 1335 Geniitae
147 1293 231 1334 Manae
254 1294 328 1335 calaio
351 1306 386 1335 res
409 1292 490 1335 dibina
510 1292 548 1346 fit,
573 1299 594 1334 et
614 1292 638 1334 in
661 1292 721 1334 cenis
744 1293 809 1334 denna

31 1361 99 1403 enan
130 1375 189 1403 nnnc
214 1361 309 1416 panitae
331 1361 440 1404 catalina.
464 1361 601 1404 aditialibus
624 1361 713 1416 quidem
736 1360 809 1415 epatis

28 1429 130 1472 celebrem
142 1429 221 1483 faisse
236 1429 316 1472 Plaati
325 1429 424 1483 fabulae
439 1429 523 1472 indicia
538 1436 599 1471 siant.

58 1497 125 1552 Quod
141 1499 169 1540 ad
191 1497 364 1540 sacrificia
385 1499 555 1540 incruenta
576 1497 661 1549 attinet,
678 1497 809 1550 saepissime

27 1556 53 1609 iis
82 1567 178 1609 Romani
201 1568 327 1617 utebantur,
353 1580 402 1609 cuni
426 1565 526 1609 iacerent
548 1565 642 1621 piaculo.
667 1565 809 1609 Commemo-

28 1641 117 1677 rantur:
594 1686 595 1691 Ἰ

57 1717 78 1745 a.
95 1702 129 1745 St
137 1717 210 1764 rues
233 1711 263 1746 et
287 1703 386 1755 ferta,
411 1703 506 1764 liborum
529 1717 623 1759 genera.¹
642 1703 808 1747 Ommoveban·

27 1777 62 1813 tur
77 1772 105 1813 ab
121 1770 247 1823 Arvalibus,
264 1785 314 1814 cum
330 1771 409 1814 fierent
424 1771 511 1825 piacula
526 1767 579 1813 ferri
594 1771 704 1814 inferendi
720 1778 742 1813 et
758 1770 809 1813 elati

27 1852 105 1894 eaque,
122 1853 179 1894 quae
195 1840 315 1883 Henzenus
332 1833 418 1882 mitiora
434 1837 510 1892 vocat,
527 1841 555 1882 ab
572 1840 674 1895 agricolis
691 1854 744 1882 vero
757 1853 808 1882 cnm

7 1906 12 1910 '⁴
26 1907 89 1949 fieret
113 1910 266 1961 praecidanea,
290 1907 318 1950 cf.
342 1908 442 1959 Henzen,
458 1908 507 1952 Act.
519 1907 555 1962 fr.
571 1908 633 1959 Aia,
651 1923 670 1963 p.
690 1908 738 1960 135,
757 1909 806 1959 139,

28 1976 82 2027 1403
99 1973 156 2018 Cato
172 1977 199 2018 ale
210 1977 285 2031 agric.
304 1977 353 2018 134.

56 2044 76 2085 b.
100 2044 161 2086 Lac
186 2052 215 2087 et
232 2045 311 2087 liba.
332 2045 448 2088 Dabantur
464 2045 509 2088 Pali
525 2047 547 2087 in
563 2045 677 2097 Parilibus,
695 2045 724 2087 ef.
739 2044 805 2087 Ovid.

26 2112 89 2154 Fast.
106 2111 137 2153 IV
153 2111 196 2155 746
213 2119 235 2154 et
251 2112 306 2166 7763
330 2113 436 2155 Tibulli
453 2117 471 2156 1.
490 2115 530 2166 36;
547 2113 651 2167 Calpurn.
668 2115 716 2158 Ecl.
734 2113 761 2155 V.
778 2112 807 2155 27

26 2180 104 2222 Baehr.
120 2180 144 2222 P.
160 2180 187 2223 L.
204 2180 235 2223 M.
252 2181 279 2222 ΙΙΙ
294 2195 316 2235 p,
331 2182 366 2224 90.
814 2184 816 2186 ’

55 2262 72 2290 c.
96 2248 155 2290 Mel
176 2256 203 2291 et
225 2248 350 2305 frugum
371 2262 495 2304 genera,
512 2250 592 2305 quibus
609 2249 678 2292 Terra
694 2250 805 2303 piabatur,

26 2316 54 2359 ci.
71 2316 125 2360 Plin.
142 2318 172 2360 N.
189 2317 219 2360 H.
236 2317 306 2360 XXV.
324 2319 353 2360 30
369 2324 391 2360 et
408 2317 458 2361 107.

50 2475 67 2521 1)
80 2475 109 2511 Cf.
121 2476 170 2512 Plut.
184 2476 205 2521 Q.
219 2476 240 2512 R.
255 2479 277 2512 68
291 2478 316 2513 de
329 2477 493 2522 periscylacismo,
506 2482 526 2513 et
539 2481 573 2513 111
586 2478 610 2513 de
623 2477 738 2514 lustratione
751 2488 806 2513 exer-

25 2534 75 2568 citus
93 2532 224 2573 Boeotorum
243 2533 284 2569 Liv.
297 2533 332 2568 XL
345 2536 361 2569 6.
375 2537 385 2568 1
399 2537 419 2569 et
436 2533 489 2571 Curt.
502 2534 521 2569 X
533 2537 550 2570 9.
563 2532 600 2593 l2S)
614 2537 637 2569 12
653 2535 678 2570 de
691 2534 806 2570 lustratione

24 2589 122 2625 exercitus
135 2589 271 2626 Macedonum.
285 2589 333 2625 Vide
346 2590 420 2632 Robde,
433 2589 507 2636 Psyclie,
520 2590 541 2633 Il,
555 2602 572 2636 p.
581 2592 626 2634 4075
640 2589 726 2636 Gruppe,
735 2589 806 2625 Gelan.

25 2644 101 2691 Mytlzal.
114 2644 136 2687 Il,
150 2657 168 2690 p.
182 2649 228 2689 8043
241 2646 343 2689 Bucheler,
360 2644 452 2690 Uinbrica,
465 2659 483 2693 p.
497 2650 538 2683 129.
651 2689 653 2694 .

48 2701 66 2746 2)
80 2701 805 2747 Ctond.Fasitv905sq.;c01umell.X3425Varr.ar.e.11‚e;

25 2758 77 2794 Paul.
97 2758 116 2792 Μ
129 2761 151 2793 45
170 2758 187 2793 L
200 2762 222 2794 39
235 2757 327 2793 catalaria
336 2759 405 2802 parta3
426 2758 474 2795 Gell.
493 2759 519 2793 N.
532 2760 554 2795 Α.
569 2760 586 2795 V
600 2763 627 2794 12.
642 2763 670 2796 14.
685 2758 804 2796 Sacrificium

25 2814 78 2850 canis
91 2818 111 2849 et
123 2815 165 2850 ovis
179 2819 225 2857 erat,
238 2825 321 2860 quorum
334 2819 380 2850 exta
392 2813 529 2853 reddebantur.
