2051 3214
432 144 474 187 117

62 270 196 326 obligatione
218 272 298 326 probat
311 271 395 313 ibidem
411 283 431 312 n.
447 272 473 314 6:
490 272 549 326 „Eia
571 273 682 329 Verglee'ele
698 275 739 316 der
756 272 843 316 Gebets-

58 338 144 393 fermel
164 340 219 381 euin
243 340 361 382 Piaculum
385 337 448 395 (Cato
471 341 498 382 de
521 342 591 396 agric.
616 340 667 397 139)
690 343 740 384 aad
754 341 789 383 lei
804 343 845 384 der

63 407 176 450 ‘lustratio
191 407 250 462 ugri'
268 406 323 464 (ebd.
340 405 391 462 141)
408 407 517 463 zez'gtdea
526 409 754 453 elaeekterz'ste'selaen
766 410 845 453 (luter-⁴

62 476 143 527 selue,
169 477 225 519 {lass
248 491 293 519 um
308 476 342 518 bei
357 476 397 518 der
413 483 509 520 ersteren
525 478 654 534 Houdlnieg
669 479 706 521 die
727 479 846 534 Wendung

62 544 241 587 auraemalae
256 544 299 587 tibi·
313 544 361 586 ius
378 551 423 586 est
436 551 501 599 porco
513 546 606 601 piacula
618 546 847 601 faeere'”.Recteiu-

62 614 149 655 dicasse
165 613 299 656 Wissowam
315 626 360 655 non
377 614 451 655 credo.
468 613 498 656 Ut
514 621 589 657 autem
603 616 682 658 melius
694 616 845 672 intelligamus

62 682 115 736 quid
138 683 180 724 sibi
203 682 271 724 velint
294 683 362 724 verba
386 682 422 723 uti
443 682 486 724 tibi
509 683 545 726 ias
559 691 597 735 est,
615 685 637 726 in
653 685 722 738 ipsius
739 686 844 728 carminis

62 757 169 793 contextu
193 751 363 793 considerentur
386 764 478 793 necesse
502 759 548 794 est:
573 752 595 794 si
617 753 678 805 dens,
702 753 725 796 si
747 755 789 796 dea
812 768 841 805 es,

61 819 150 874 quoium
174 819 234 862 illud
254 833 344 861 sueram
369 825 407 869 est,
432 818 468 861 uti
490 820 533 861 tili·
556 820 592 863 ius
615 828 650 862 est
667 828 733 876 porco
750 821 843 877 piaculo

57 886 141 941 facere,
159 888 248 930 illiusce
262 887 324 930 sneez'
338 887 452 930 coercendi
467 902 530 942 erge.
541 922 545 930 .
556 921 575 932 ..
592 889 629 931 uti
644 890 670 931 id
684 897 741 932 reete
750 889 843 944 factum

61 956 109 1006 siet,
135 955 183 998 eius
206 956 240 998 eei
262 970 312 1010 erge
337 962 357 997 te
378 955 415 997 loc
435 963 500 1009 pereo
520 957 612 1012 piaculo
628 957 758 1001 iniueleade
773 959 844 1002 belias

59 1031 136 1080 preces
155 1032 239 1079 precer,
257 1025 293 1066 uti
309 1024 354 1066 sies
373 1025 448 1066 voleus
461 1025 576 1080 propitius
592 1032 630 1068 cet.
646 1026 760 1069 Piaculum
775 1027 843 1082 igitur

61 1093 140 1135 fiebat:
155 1093 204 1135 siue
219 1094 257 1135 dee
273 1093 321 1135 sive
336 1093 396 1134 eleae.
412 1091 469 1135 Cum
481 1100 556 1136 autem
571 1101 658 1137 constet
671 1095 693 1136 in
702 1095 843 1149 perficiendis

61 1163 129 1203 sacris
152 1162 182 1204 nil
205 1162 293 1217 gravius
310 1175 441 1216 essequam
457 1162 621 1217 ignorationem
637 1176 711 1205 rerum
728 1170 750 1205 et
765 1177 842 1217 perso-

60 1244 138 1273 narum
162 1255 190 1261 -
213 1231 235 1273 di
265 1231 324 1272 enim
354 1230 429 1272 alienis
454 1230 531 1272 ritibus
554 1230 651 1274 invocati
671 1245 736 1274 aures
759 1231 842 1275 habent

60 1300 187 1342 obstructos
204 1298 339 1353 piaculisque
355 1299 419 1341 variis
435 1299 537 1340 homines
550 1305 628 1342 tenent
637 1300 771 1342 constrictos
782 1296 798 1352 1)
814 1323 843 1329 -

61 1382 105 1411 non
130 1369 214 1419 dubito,
231 1368 284 1422 quin
300 1368 367 1409 uerba
381 1366 416 1408 nti
432 1366 473 1408 tibi
489 1366 525 1408 ius
542 1373 635 1410 estnon
652 1369 722 1423 magis
738 1369 841 1422 piacu-

59 1437 118 1479 lum
141 1430 243 1490 spectent
259 1449 326 1490 quam
351 1436 445 1478 ritum
468 1435 542 1489 ipsum
556 1436 642 1489 piaculi.
658 1436 689 1479 Ut
704 1435 751 1478 aliis
767 1436 841 1479 verbis

58 1506 118 1547 idem
144 1505 229 1548 dicam:
253 1518 281 1547 ne
297 1505 378 1546 rituum
395 1504 557 1546 commixtione
573 1504 701 1546 sacrificans
717 1511 802 1558 peccet,
818 1504 841 1546 in

58 1575 105 1627 ipsa
119 1587 210 1627 precum
227 1572 323 1614 formula
338 1579 451 1614 asseverat
467 1586 492 1614 se
508 1586 535 1615 eo
552 1573 619 1615 modo
629 1586 655 1614 ac
664 1573 706 1615 ritu
716 1573 841 1615 sacrificare

59 1642 121 1694 velle,
143 1656 187 1697 quo
204 1642 272 1683 modo
287 1642 335 1694 ipse
352 1642 406 1683 deus
422 1641 513 1696 ignotus
530 1654 569 1682 seu
584 1642 633 1694 ipsa
649 1642 691 1682 dea
706 1641 783 1695 ignota
798 1642 841 1683 sibi

58 1712 176 1754 sacrificari
200 1711 290 1764 cupiant
299 1706 324 1766 ²).
347 1710 417 1752 Recte
438 1707 523 1752 Warde
539 1706 664 1766 Fouler³):
684 1708 752 1762 „Cato
767 1709 794 1751 R*
811 1710 839 1755 R.

59 1779 107 1830 139,
132 1779 204 1822 utere
226 1778 262 1820 ilie
285 1780 400 1832 lauguege
421 1784 528 1832 suggests
549 1777 600 1819 tuat
619 1792 647 1820 us
663 1778 699 1819 tlte
715 1777 775 1832 deity
791 1791 841 1820 was

58 1847 176 1898 unknown,
202 1847 237 1889 tlee
254 1846 302 1888 ‘ius’
319 1845 347 1898 of
359 1846 395 1887 tlee
408 1846 518 1900 mugiens
533 1853 570 1887 act
584 1860 632 1888 zeus
648 1848 696 1888 also
713 1847 838 1897 renuerim,

58 1915 73 1957 τ’.
82 1929 99 1957 e.
124 1916 159 1957 tle
182 1915 257 1958 rituul
278 1928 327 1956 auus
348 1919 386 1955 aiot
404 1903 838 1957 [11111111.ΒεΜιινείιέῑθαηείαῑεε

58 1982 101 2039 (Lu
124 1983 241 2038 Religioni?
264 1984 324 2024 uella
340 1982 389 2024 vitu
404 1979 531 2034 domesticu,
545 1989 568 2036 p.
587 1980 638 2038 132)
652 1982 697 2024 ‘siu
714 1996 728 2024 a
745 1989 765 2025 te
775 1981 839 2036 fatte

58 2051 77 2094 e'l
98 2052 170 2094 debite
192 2050 318 2104 sacrificiu,
344 2057 388 2100 ete,
413 2049 485 2092 utici
509 2049 652 2104 sufficientia!
673 2057 788 2106 expresses
804 2050 840 2093 tte

58 2120 151 2174 aeetre'ety
174 2119 203 2173 es
222 2119 262 2161 tle
279 2119 413 2161 stillarunt
437 2119 487 2172 Qua
511 2132 561 2161 cum
586 2118 734 2173 explicatione
755 2120 839 2173 optime

58 2189 160 2244 congruit
181 2189 204 2230 in
228 2188 385 2230 sacrificiorum
408 2187 553 2240 piacularium
578 2187 684 2239 formulis,
701 2201 756 2242 quas
771 2187 839 2231 refert

57 2258 116 2299 idem
138 2256 195 2299 Cato
209 2258 235 2298 cle
251 2270 300 2310 agr.
318 2258 366 2308 141,
383 2256 405 2297 in
421 2257 501 2310 quibus
518 2269 563 2298 non
579 2256 651 2311 agitur
667 2257 695 2298 de
711 2257 838 2299 numinibus
856 2255 858 2257 ’

57 2326 138 2381 ignotis
162 2327 202 2368 sed
226 2326 254 2367 de
278 2326 327 2378 ipso
349 2324 426 2376 Marte,
448 2324 567 2366 formulam
583 2324 619 2366 uti
635 2324 677 2366 tibi
692 2325 729 2367 ias
745 2330 838 2367 estnon

81 2476 98 2523 1)
112 2477 140 2514 cf.
153 2476 226 2512 Arnob.
239 2475 282 2510 adv.
296 2478 333 2510 tint.
347 2476 405 2511 [1143
419 2479 439 2511 et
451 2475 484 2510 Vll
498 2479 525 2510 21.

81 2534 100 2577 2)
114 2534 265 2578 Nonnumquam
284 2533 303 2567 in
323 2532 439 2568 carminibus
459 2531 588 2568 sacrificantes
607 2542 657 2567 voce
676 2530 705 2566 reli
716 2545 736 2564 =
749 2541 767 2566 ee
785 2530 838 2565 neom

57 2601 91 2635 que
111 2594 196 2633 utuntur,
213 2591 259 2626 dum
276 2594 333 2625 orant
351 2594 372 2625 ut
390 2590 491 2634 quomodo
510 2590 547 2634 ipsi
559 2588 689 2624 sacrificantes
703 2598 770 2633 preces
783 2588 838 2623 intel-

57 2647 122 2693 ligant,
134 2648 161 2682 ita
173 2651 193 2682 et
205 2647 284 2682 numina
297 2656 329 2681 eas
342 2645 449 2690 intelligere
462 2645 528 2688 velint,
542 2645 566 2680 cf.
579 2643 665 2684 Macrob.
677 2644 714 2679 Sal.
728 2645 752 2680 ΙΙΙ
765 2647 781 2680 9.
789 2647 811 2679 11
819 2647 839 2679 et

57 2702 98 2737 Liv.
116 2702 240 2737 XX1110.2.
259 2702 281 2736 ln
301 2702 349 2737 actis
368 2701 389 2736 sr.
403 2701 502 2737 Arvalium
516 2711 574 2746 saepe
587 2700 686 2737 invenies:
700 2699 729 2735 zui
740 2710 772 2735 nes
783 2698 839 2735 senti-

58 2768 98 2792 mus
110 2757 174 2792 elicere.

81 2813 98 2861 3)
115 2814 150 2849 Tire
163 2814 257 2861 Religioni
270 2814 388 2859 Expertum,
401 2826 419 2860 p.
434 2817 467 2851 191
482 2825 499 2849 n.
515 2817 531 2849 2.
