2051 3214
453 224 466 264 3

437 349 474 392 XI.

99 507 156 551 Cato
181 509 208 561 de
231 509 300 564 agric.
328 510 370 551 140
392 509 524 564 legendum:
548 509 571 552 si
587 507 669 563 fodere
687 510 752 558 uoles,
774 510 843 551 altero

28 626 30 629 y
66 576 157 631 piaculo
172 578 244 620 eodem
260 578 323 620 modo
333 576 414 631 facite,
431 578 470 621 ltoc
477 578 577 633 amplios
585 577 653 619 dicito
662 576 733 632 operis
736 576 850 630 faciundi
881 571 882 574 ¹

70 659 139 687 causo
148 676 209 696 .....
208 659 212 666 ·
227 646 281 689 dum
297 653 358 701 opus,
374 646 455 688 cotidie
463 653 506 702 per
517 653 597 701 partes
600 645 682 699 focato.
691 645 767 687 Verba
775 645 849 700 operis

65 712 177 766 faciundi
192 727 262 757 causo
270 727 316 757 non
325 721 377 757 sunt
384 727 435 767 pars
444 715 546 757 carminis
555 714 646 756 alicuius
656 712 762 768 religiosi;
772 727 848 756 verum

69 789 121 835 post
144 783 211 824 verba
234 782 306 837 operis
324 781 437 835 faciundi
456 795 526 827 causa
550 795 628 837 preces
652 782 762 836 quaedam
786 782 846 824 exci-

70 850 157 893 derunt.

353 1058 358 1069 ,
435 1010 480 1053 xu.

98 1169 186 1211 Piacula
201 1169 253 1211 ferri
269 1170 379 1211 inferendi
394 1177 416 1212 et
431 1170 482 1211 ferri
499 1169 557 1220 elati,
575 1164 844 1224 quaecommemorantur

73 1238 95 1277 in
111 1237 165 1279 actis
182 1237 207 1279 fr.
224 1236 338 1279 Arvalium
355 1239 407 1279 anni
424 1240 466 1280 130
482 1237 520 1293 [cf.
538 1237 637 1279 C.I.L.
654 1237 683 1278 VI
699 1238 846 1279 acuar-XV
917 1285 918 1288 Ἴ
973 1259 974 1262 ¹

73 1306 130 1346 1436
146 1312 167 1347 et
183 1305 282 1357 Hennen,
298 1305 346 1349 sict.
357 1305 393 1359 fr.
409 1305 496 1357 Arnai,
512 1320 533 1359 p.
549 1304 647 1360 CLXV),
662 1305 848 1347 factasuntVIIII

68 1372 96 1414 K.
117 1373 186 1414 Maias
202 1380 224 1415 et
239 1373 296 1415 XHH
311 1373 339 1415 K.
355 1374 434 1415 Iunias.
450 1373 517 1416 Haud
532 1380 592 1415 recte
608 1373 711 1415 Henzen:
734 1372 803 1415 VIIII
814 1373 842 1416 K.

70 1440 170 1483 Martias
186 1447 208 1483 et
222 1441 298 1484 XIIII
309 1441 337 1484 K.
354 1441 452 1496 Apriles.

430 1650 485 1693 XIII.

98 1809 186 1852 Piacuia
217 1810 299 1853 rustica
329 1811 372 1852 luci
395 1809 534 1862 eonlucandi,
557 1809 671 1852 Arvalium
694 1809 781 1864 piacula
803 1810 847 1852 luci

45 1891 46 1895 ¹
70 1878 210 1932 coinquendi‚
227 1878 278 1920 ferri
294 1878 403 1921 inferendi
419 1886 441 1921 et
457 1878 515 1931 elati,
531 1879 618 1933 aliaque
633 1879 722 1921 minora
737 1891 782 1920 non
796 1885 848 1921 sunt

69 1943 212 1988 lustrationes
229 1948 370 2002 purgatoriae
385 1947 496 2000 habenda,
513 1948 553 1990 sed
569 1947 676 1990 sacrificia
689 1946 817 2001 placatoria.

428 2157 486 2199 XIV.

98 2315 174 2370 Spolia
196 2317 277 2370 opima,
302 2318 330 2358 de
354 2317 434 2371 quibus
457 2316 528 2371 agitur
550 2317 572 2357 in
588 2315 637 2370 lege
652 2315 739 2357 Numae
754 2291 847 2369 Pompili

70 2382 138 2441 (Fest.
162 2384 185 2426 M
202 2386 244 2428 189
267 2382 361 2440 L204),
386 2385 478 2427 omnino
501 2384 658 2439 distinguenda
673 2390 726 2425 sunt
741 2397 754 2425 a
770 2382 846 2437 spoliis

69 2453 149 2506 opimis
165 2453 203 2504 eis,
220 2466 277 2507 quae
293 2460 456 2496 commemorat
472 2453 547 2495 Livius
563 2452 571 2493 I
588 2454 622 2505 10,
638 2451 668 2493 IV
684 2452 719 2502 20,
736 2464 781 2505 per.
798 2451 846 2493 XX.

429 2643 480 2686 XV.

98 2804 133 2846 Ex
156 2804 283 2860 fragmento
303 2804 384 2857 Papiae
400 2804 459 2857 apud
474 2803 556 2845 Euseb.
572 2803 602 2844 H.
617 2803 644 2845 E.
660 2802 686 2844 ΙΙΙ
702 2804 766 2846 3913
783 2809 844 2856 patet

20 2924 23 2929 s
67 2872 157 2927 Papiam
173 2873 300 2915 auditorem
317 2871 386 2914 fuisse
401 2871 504 2913 Iohannis
521 2870 624 2924 apostoli,
