2051 3214
531 155 573 196 112

190 281 308 336 Quaeritur
336 280 387 331 iam,
410 286 485 322 utrum
509 281 638 335 piacula
666 280 774 334 operis
798 279 942 333 perfecti

160 364 189 393 ex
211 350 264 392 iuris
281 349 348 391 divini
362 348 448 403 legibus
472 350 681 403 praescripta
703 348 785 390 suerint
801 361 878 390 necne.
894 347 942 390 Ple·

160 431 254 473 rumque
277 431 303 459 ea
326 419 372 460 iure
395 430 459 459 sacro
483 430 528 460 non
552 417 620 460 fuisse
636 417 739 472 imposita
756 431 784 458 ex
800 430 827 458 eo
843 423 942 471 apparet,

159 487 220 542 quod
243 486 265 528 in
288 485 459 528 actisfratrum
476 484 598 538 Arvalium,
615 499 664 527 cum
682 485 709 527 de
724 482 803 527 arbore
819 485 941 536 caedenda,

160 557 188 599 de
211 567 272 596 ramo
296 554 443 608 exportando,
468 566 512 595 uno
536 554 604 596 verbo
628 554 656 595 de
682 566 744 595 sacro
765 552 846 594 leviore
870 553 942 608 agitur

159 622 328 673 committendo,
345 621 417 675 operis
433 620 527 675 perfecti
541 622 627 676 piacula
642 635 670 664 ne
683 621 871 675 verbuloquidem
881 634 941 663 com-

159 691 278 735 memorari
293 689 372 733 solent.
388 688 433 732 Sed
449 702 499 731 cum
516 691 544 732 de
560 692 628 732 sacris
643 691 721 746 agitur,
738 703 795 744 quae
808 703 846 743 per
854 689 941 745 longius

159 761 266 814 temporis
283 760 378 813 spatium
395 764 447 800 sunt
463 758 621 810 continuanda,
637 759 665 801 de
685 758 803 800 exarandis
819 759 874 800 actis
890 758 941 800 dico

159 828 192 871 vel
209 829 237 870 de
253 828 391 871 diuturniore
407 827 463 869 sacri
478 827 522 869 luci
537 827 666 882 refectione,
675 827 747 882 operis
755 826 848 881 perfecti
856 827 943 881 piacula

159 910 247 951 semper
270 898 291 938 in
316 896 430 939 codicibus
454 894 540 950 collegii
556 902 679 938 memorata
695 908 744 937 esse
761 896 908 937 observamus
918 892 942 952 ¹).

189 966 245 1008 Eam
268 966 334 1021 igitur
355 965 406 1007 iuris
428 964 495 1006 divini
510 964 583 1019 legem
599 965 695 1020 viguisse
711 964 822 1015 existimo,
838 970 862 1006 ut
878 977 942 1006 sacro

159 1035 296 1078 diuturniore
324 1048 337 1076 a
360 1035 469 1087 prudente
492 1033 621 1085 commisso,
644 1031 729 1087 piaculo
753 1032 825 1085 operis
848 1031 942 1086 perlecti

158 1104 206 1146 fieri
228 1104 327 1154 deberet,
350 1102 401 1144 licet
417 1103 461 1144 iam
478 1108 544 1163 antea
559 1101 645 1155 piaculo
661 1101 733 1155 operis
750 1100 846 1142 faciendi
862 1101 902 1142 rite
919 1101 941 1143 di

159 1177 234 1214 essent
250 1171 369 1225 propitiati.

189 1306 319 1358 Causae,
344 1321 382 1349 cur
405 1306 507 1359 Romani,
531 1313 650 1362 postquam
673 1306 784 1361 piaculum
808 1307 881 1360 operis
908 1305 940 1347 f-

160 1376 233 1418 ciendi
263 1376 304 1418 rite
333 1377 499 1429 praecessisset,
523 1382 638 1429 praeterea
662 1376 728 1418 etiam
751 1375 824 1429 operis
847 1373 940 1428 perfecti

159 1444 247 1499 piaculo
279 1445 334 1486 deos
365 1443 453 1497 placare
483 1444 645 1495 consueverint,
677 1445 733 1486 duae
762 1443 815 1485 mihi
838 1443 941 1485 videntur

158 1513 250 1554 indicari
279 1525 353 1566 posse.
383 1511 484 1555 Alteram
508 1511 674 1554 similitudinem
699 1512 801 1563 dixerim,
824 1524 881 1566 quae
905 1517 939 1553 est

158 1581 215 1623 inter
247 1580 289 1623 hoc
321 1579 433 1634 piaculum
465 1587 487 1622 et
517 1580 628 1634 piaculum
660 1580 716 1622 sacri
747 1580 774 1621 ab
797 1579 940 1633 imprudente

158 1647 284 1702 commissi3
308 1647 401 1690 alteram
425 1654 500 1690 autern
521 1654 606 1690 metum
623 1648 742 1701 quemdam
759 1653 781 1690 et
796 1646 939 1689 formidinem

158 1730 208 1759 esse
235 1717 346 1768 existimo,
374 1729 402 1758 ne
430 1716 541 1770 piaculum
570 1717 643 1770 operis
670 1716 766 1758 faciendi
795 1715 939 1758 diuturnitate

158 1785 269 1827 amitteret
297 1784 341 1826 vim
370 1797 413 1839 qua
441 1785 532 1826 numina
553 1785 732 1838 propitiarentur.
756 1783 855 1827 Similem
879 1784 939 1826 enim

157 1852 286 1907 religionem
303 1852 457 1895 Romanorum
473 1859 559 1894 mentes
575 1866 685 1906 occupare
701 1852 809 1906 videmus,
825 1865 875 1894 cum
890 1853 939 1906 quis

157 1921 179 1962 in
201 1919 252 1962 luco
276 1919 415 1962 conlucando
439 1919 472 1961 vel
496 1921 518 1961 in
542 1920 649 1962 fodiendo
672 1934 728 1974 opus
748 1921 897 1971 intermiserit,
914 1927 939 1963 ut

158 1994 233 2030 narrat
256 1986 312 2030 Cato
328 1989 355 2030 de
371 1988 440 2042 agric.
460 1989 502 2030 140
517 1988 539 2030 si
554 1986 625 2045 (opus)
643 1988 805 2032 intermiseris.
816 2023 820 2031 .
831 2022 850 2034 ..
868 1991 938 2032 altero

154 2055 245 2110 piaculo
263 2054 344 2109 facito.
368 2056 463 2098 Accedit
486 2058 546 2111 quod
566 2070 606 2110 per
626 2057 736 2111 duplicem
752 2058 855 2112 piationis
871 2058 937 2100 ritum

157 2137 220 2166 sacra
244 2124 371 2175 commissa,
396 2130 475 2166 natura
499 2138 539 2166 sua
562 2125 595 2167 dis
618 2127 743 2179 perodiosa,
768 2125 938 2169 includebantur

157 2193 324 2247 quodammodo
340 2192 452 2235 sacrificiis
468 2191 602 2246 placatoriis.
618 2193 674 2236 Nam
692 2195 826 2250 attingendis
837 2194 937 2237 terminis

157 2274 204 2302 rem
228 2262 292 2315 quasi
314 2267 385 2303 totam
408 2261 518 2315 attingere
538 2261 580 2303 sibi
596 2262 727 2304 videbantur
742 2262 844 2304 Romani.
861 2261 938 2305 Simile

158 2329 211 2384 quid
228 2336 250 2371 et
263 2330 285 2370 in
301 2336 370 2382 ponte
379 2329 472 2371 sublicio
481 2328 565 2371 facturn
573 2331 681 2374 videmus.
690 2330 794 2384 Quicum
803 2331 939 2383 reficeretur,

157 2396 263 2439 sacrificia
279 2397 362 2439 fiebant
377 2404 399 2440 et
414 2411 428 2439 u
437 2397 443 2438 l
452 2411 462 2439 s
479 2405 501 2440 et
517 2411 528 2439 c
537 2398 562 2439 is
577 2398 683 2441 Tiberim.
692 2398 759 2452 Quod
767 2399 832 2454 igitur
838 2400 860 2440 in
868 2405 937 2453 ponte

181 2587 263 2632 1)1nter
281 2589 380 2625 Arvalium
398 2589 476 2635 piacula
495 2589 559 2635 operis
577 2589 738 2636 faciendi‘atque
757 2591 839 2637 perfecti
858 2595 936 2637 propter

158 2646 258 2681 marmoris
277 2646 392 2690 scripturam
410 2647 566 2691 scalpturamque
585 2647 690 2682 duodecim
708 2647 749 2682 dies
768 2648 873 2682 intererant
885 2657 936 2683 anno

157 2706 185 2745 81,
199 2702 240 2737 aliis
254 2706 318 2737 autem
332 2703 387 2738 annis
399 2704 507 2748 scripturae
520 2702 607 2738 exaratio
620 2703 681 2739 maius
694 2704 787 2748 temporis
799 2704 882 2748 spatium
893 2713 936 2748 pos·

156 2757 236 2793 tulabat.
249 2756 368 2793 Solemnium
381 2762 445 2794 autern
458 2768 556 2793 sacrorum
570 2759 614 2794 anni
626 2761 661 2793 183
675 2764 694 2794 et
707 2761 741 2793 224
755 2759 819 2804 operis
826 2757 910 2794 faciendi
917 2763 936 2795 et

157 2813 238 2859 perfecti
251 2813 343 2850 sacrificia
355 2814 398 2859 plus
411 2824 477 2850 mense
490 2814 540 2849 inter
552 2825 595 2850 sese
608 2814 710 2851 distabant.
