2051 3214
508 170 550 211 120

134 300 196 343 omni
214 299 279 353 culpa
299 309 391 351 prorsus
407 296 493 348 aberat,
510 297 538 338 ad
554 295 651 351 poenam
668 295 730 350 dupli
745 295 886 351 obligabatur
898 293 920 347 1).

134 369 209 423 Quare
232 368 250 409 si
273 366 322 420 quis
346 363 468 414 existimat,
493 365 597 421 antiquos
613 365 665 407 iuris
683 364 750 407 divini
766 366 849 418 peritos
867 365 921 407 obli-

134 437 247 493 gationem
263 447 330 489 quam
347 445 397 475 cum
414 433 529 476 sacrificiis
544 435 693 488 piacularibus
707 435 808 477 videmus
817 434 922 475 coniunc-

135 512 181 548 tam
205 505 225 547 ei
247 502 378 558 obligationi
402 514 480 554 parem
504 502 615 555 habuisse,
638 516 695 557 quae
715 502 783 557 quasi
799 516 827 544 ex
842 501 921 544 delicto

136 580 240 615 nascatur
256 578 323 625 atque
339 570 383 612 hoc
399 582 468 611 sensu
484 571 606 625 improprio
622 571 733 625 piaculum
750 571 813 625 quasi
828 570 921 612 multam

137 641 206 683 fuisse
222 654 248 683 ao
263 651 367 693 poenam,
385 638 407 680 id
424 637 522 680 fortasse
537 653 583 682 non
599 640 733 696 negaverim,
749 639 837 682 omissis
846 646 922 681 tamen

136 709 223 764 piaculo
247 708 320 762 operis
343 706 440 749 faciendi
463 720 489 749 ac
505 708 663 761 praecidaneae,
676 707 754 749 Talem
770 722 822 750 vero
838 707 922 762 obliga-

136 778 220 820 tionem
244 790 290 819 non
314 790 343 818 ex
365 777 415 830 ipso
439 776 503 831 quasi
527 777 609 819 delicto
633 791 682 818 esse
698 784 777 827 ortam,
795 778 836 819 sed
852 776 922 819 multo

138 847 207 901 magis
228 859 257 887 ex
280 845 362 898 scripto
386 845 439 886 iuris
463 852 591 899 praecepto,
608 859 674 888 nemo
691 846 777 900 estqui
793 858 838 887 non
854 846 921 887 videt.

167 913 265 968 Quaeret
294 913 412 969 quispiam,
436 926 480 967 quo
505 914 573 955 modo
597 912 681 956 factum
705 915 739 965 sit,
764 920 788 955 ut
810 913 848 955 lex
869 913 938 966 iuris?

108 997 110 1001 ·
138 983 195 1024 sacri
219 983 301 1035 scripta
321 982 423 1023 homines
444 980 532 1035 piaculo
549 980 664 1035 obligaret,
681 995 800 1037 quamqam
816 982 922 1036 obligatio

138 1064 168 1092 ex
190 1051 240 1104 ipso
263 1063 328 1092 sacro
351 1050 474 1092 commisso
498 1062 543 1091 non
567 1049 693 1092 oriebatur?
716 1050 762 1092 Res
782 1050 805 1091 ni
820 1049 884 1091 fallor
899 1050 921 1091 in

140 1124 245 1173 promptu
268 1123 308 1159 est.
333 1117 422 1159 Etenim
446 1118 490 1159 iam
506 1117 534 1159 ab
551 1118 709 1173 antiquissimis
725 1119 863 1171 temporibus
878 1118 922 1159 Ro-

140 1186 211 1228 manis
234 1185 326 1227 firmiter
342 1192 390 1228 erat
405 1198 535 1239 persuasum
552 1186 648 1239 patrium
664 1185 748 1228 cultum
765 1199 791 1227 ac
806 1186 837 1227 rei
853 1185 922 1239 publi-

131 1267 178 1296 cae
194 1254 343 1309 integritatem
360 1253 438 1295 intime
453 1253 511 1295 inter
527 1267 577 1295 sese
592 1267 642 1296 esse
656 1267 765 1296 connexa.
778 1254 842 1308 Quae
851 1253 922 1296 cultus

137 1323 252 1378 integritas
266 1327 290 1363 ut
306 1335 373 1377 quam
389 1321 507 1375 purissime
523 1329 654 1373 servaretur,
670 1322 699 1364 nil
715 1322 852 1375 piaculorum
868 1322 922 1364 obli-

138 1392 229 1447 gatione
250 1396 298 1432 erat
321 1389 441 1448 efficacius.
464 1389 504 1432 Sat
527 1389 591 1432 facile
612 1397 687 1433 autern
704 1390 809 1446 obligatio
825 1390 861 1433 illa
876 1391 923 1432 iure

139 1473 203 1502 sacro
218 1460 303 1513 imponi
318 1460 398 1513 potuit.
414 1457 471 1501 Nam
487 1459 579 1512 piacula,
596 1466 621 1502 ut
636 1460 664 1501 de
680 1473 704 1501 re
719 1460 822 1502 universa
837 1458 922 1514 loquar,

139 1541 184 1570 non
207 1542 220 1569 a
243 1528 290 1569 iure
310 1540 375 1569 sacro
396 1533 448 1569 sunt
463 1527 572 1583 instituta,
589 1528 629 1570 sed
645 1528 686 1569 iuri
701 1541 765 1570 sacro
780 1527 846 1584 longe
862 1534 922 1570 ante-

139 1609 233 1638 cessere.
256 1595 324 1649 Quod
347 1609 400 1637 vero
421 1595 474 1637 olim
494 1595 596 1637 homines
612 1597 686 1648 rudes,
702 1603 764 1638 metu
778 1603 801 1638 et
817 1596 923 1651 supersti-

138 1665 199 1707 tione
215 1664 294 1714 coacti,
311 1664 415 1707 omittere
431 1677 477 1706 non
493 1664 613 1716 audebant,
630 1678 694 1707 sacro
709 1665 756 1707 iure
765 1665 829 1710 facile
837 1665 922 1707 sancie-

97 1739 101 1743 '
138 1733 210 1774 batur.
226 1731 301 1786 Quare
316 1733 377 1787 quod
394 1731 446 1774 olim
463 1731 534 1773 solum
551 1738 598 1774 erat
612 1733 686 1775 auxio
701 1727 787 1788 religio,
802 1734 922 1775 iuresacro

139 1807 218 1842 exorto
234 1807 301 1855 atque
317 1790 405 1855 vigente
421 1799 527 1853 obligatio
543 1814 631 1855 quoque
648 1800 707 1843 facta
724 1808 765 1845 est.
774 1800 838 1856 Quae
846 1801 922 1844 omnia

138 1869 182 1910 iam
198 1882 227 1910 ex
241 1869 267 1911 iis
283 1882 341 1924 quae
357 1875 487 1923 sequuntur,
504 1868 589 1911 facilius
605 1868 762 1925 intelligentur.

365 2019 382 2054 2,
403 2025 431 2053 DE
446 2024 582 2055 PIACULORUM
597 2026 690 2055 ORlGlllE.

167 2139 230 2181 Prius
252 2140 370 2194 quaedam,
388 2152 445 2193 quae
461 2137 561 2180 nonnulli
576 2139 615 2180 viri
631 2139 692 2181 docti
708 2140 736 2182 de
752 2139 843 2193 piaculis
860 2140 922 2182 dixe-

138 2214 189 2249 runt
212 2206 269 2249 scitu
292 2207 400 2262 digniora,
423 2206 520 2248 breviter
536 2206 651 2260 attingam,
668 2221 712 2261 quo
729 2207 789 2249 facto
805 2208 858 2263 quid
873 2209 921 2262 ipse

138 2277 166 2318 de
182 2288 259 2317 eorum
275 2276 371 2317 sentiam
388 2274 479 2329 origine,
496 2274 566 2316 fusius
582 2288 631 2316 sum
648 2275 807 2329 disputaturus.

168 2342 270 2397 Quid'v.
294 2338 419 2397 Lasaulx²l
444 2342 472 2384 de
488 2342 625 2385 Graecorum
641 2343 840 2399 Romanorumque
855 2344 921 2386 sacri-

137 2411 192 2454 ficiis
207 2410 355 2464 piacularibus
371 2411 491 2464 scripserit,
508 2412 596 2453 tradere
613 2417 635 2453 et
652 2411 780 2453 examinare
795 2425 840 2454 non
854 2412 921 2464 iuvat,

162 2552 179 2594 ll
192 2552 221 2588 Cf.
239 2552 369 2599 Pauly-wisa,
389 2553 412 2587 R.
425 2552 454 2595 E,
467 2552 492 2587 IV
506 2555 552 2587 2382
565 2551 601 2587 zio.
615 2553 705 2593 deicere3
718 2552 735 2588 V
750 2555 795 2589 1979
809 2552 845 2588 iu.
860 2554 921 2589 effun-

138 2611 191 2646 dere.
210 2610 322 2646 Notandum
341 2615 371 2646 est
383 2610 428 2645 iuris
441 2609 515 2654 peritos
528 2609 627 2645 Romanos
640 2610 732 2645 damnum
746 2620 825 2655 quoque
838 2611 921 2646 sarcien-

138 2667 185 2702 dum
197 2676 233 2711 pro
246 2676 311 2711 poena
323 2666 420 2702 habuisse.
864 2674 865 2677 ¹

161 2722 181 2766 2)
193 2733 211 2757 v.
224 2721 314 2766 Lasaulx,
327 2721 355 2756 dio
368 2721 476 2768 Srilrrropser
488 2721 505 2755 [ι’.
520 2720 608 2756 Grioclzon
621 2732 639 2756 u.
653 2721 725 2757 Rarior.
738 2722 819 2763 Minoris
827 2723 921 2758 momenti

138 2783 168 2814 est
183 2778 262 2822 referre,
275 2778 322 2823 quid
334 2779 419 2815 habeant
431 2778 544 2820 Saubcrtus,
557 2777 578 2812 de
590 2777 689 2823 sacrificiis
701 2782 793 2820 uelorum
806 2779 920 2824 Nieupoort,

137 2834 158 2869 dr
171 2833 237 2869 ritibus
249 2834 387 2876 Romanorulm
400 2835 497 2878 Lomeier,
510 2833 531 2868 do
545 2834 657 2869 lustratione.
