2051 3214
455 136 495 177 111

84 271 163 306 trum
187 263 277 318 quidem
302 264 394 305 missum
416 261 528 312 existimo,
550 268 575 303 ut
591 260 649 303 mala
665 267 688 302 et
704 261 772 302 noxia
788 261 866 306 alueo

83 330 211 375 arcerentur
223 338 438 386 procurarenturque
451 331 552 385 prodigia
561 327 589 385 ¹):
603 330 718 372 hostias
732 343 786 372 vero
795 330 866 374 alias

83 401 148 449 variis
171 401 204 442 dis
228 401 357 455 deabusque
380 398 507 441 immolatas
532 412 581 440 esse
604 405 666 452 puto,
684 404 708 439 ut
724 398 756 440 ira
772 399 866 441 deorum

82 468 213 523 placaretur,
236 468 295 511 haud
319 466 392 510 minus
416 481 441 508 ea
466 479 522 521 quae
538 467 633 508 ostentis
649 474 783 520 apparuerat
799 481 865 523 quam

82 550 139 592 quae
155 549 243 590 semper
259 551 272 578 a
286 536 395 579 Romanis
408 535 556 585 metuebatur,
566 548 617 576 cum
626 548 715 576 sacrum
725 537 867 580 committere

82 606 195 647 debebant
211 603 244 646 vel
260 605 419 647 commiserant
429 600 454 658 2).
462 602 526 657 Quae
534 603 611 663 omnia
619 602 713 645 clariora
721 603 776 647 fient
784 604 867 660 legenti

82 680 149 727 caput
163 674 260 724 tertium,
276 674 314 716 ubi
330 674 359 715 de
374 672 454 726 piaculi
471 679 493 714 et
508 672 645 715 lustrationis
662 672 791 715 discrimine
804 673 867 727 plura

82 754 131 783 sum
147 742 253 784 dicturus.
885 744 887 747 “

110 862 200 904 Praeter
216 875 279 905 sacra
295 862 387 904 fratrum
403 859 518 902 Arvalium
534 873 605 914 pauca
622 867 674 903 sunt
690 860 777 914 piacula
792 864 866 916 operis

81 930 181 984 perfecti,
198 943 254 985 quae
270 945 282 972 a
298 929 443 983 scriptoribus
459 929 556 983 antiquis
570 935 784 972 commemorantur.
793 930 867 974 Varro

81 999 109 1040 de
123 1000 155 1041 tl.
172 998 199 1040 Vr
215 1000 243 1040 83
259 1000 320 1041 vocis
333 996 451 1052 pontificis
467 997 575 1052 originem
592 997 707 1050 explicans
723 997 751 1038 de
767 1006 865 1052 ponte

81 1080 114 1108 su
122 1067 136 1108 b
145 1066 151 1108 l
160 1068 166 1108 i
175 1080 186 1108 c
194 1067 223 1109 io
243 1067 298 1109 haec
319 1067 397 1124 tradit:
403 1064 530 1120 pontifices,
540 1071 567 1106 ut
574 1065 681 1108 Scaevola
690 1064 791 1118 Quintus
799 1066 823 1110 P.
832 1068 865 1110 M.

81 1134 172 1186 dicebat,
190 1150 204 1177 u
218 1141 283 1189 posse
299 1141 321 1177 et
330 1133 409 1188 fucere
424 1140 451 1175 iit
462 1133 574 1189 potifices.
590 1148 629 1193 ego
645 1148 659 1175 u
671 1140 740 1188 ponte
753 1135 865 1186 arbitrem

80 1217 133 1245 narii
150 1204 177 1244 ab
192 1203 229 1244 liis
244 1203 354 1245 sublicius
369 1209 403 1244 est
412 1201 494 1256 furtas
506 1202 607 1257 primum
623 1208 651 1243 ut
662 1202 784 1244 restitutus
791 1210 862 1258 saepe,

69 1263 128 1312 ¹cirin
144 1270 192 1313 ideo
208 1284 274 1313 sacru
290 1277 312 1313 et
325 1272 362 1312 als
378 1276 400 1312 et
413 1270 446 1312 cis
462 1270 557 1313 Tiberim
574 1284 617 1312 nori
625 1269 733 1312 mediocri
739 1270 787 1312 ritu
792 1271 864 1325 fiant.

79 1340 174 1382 Pontem
190 1346 265 1381 autem
282 1339 398 1381 sublicium
415 1339 463 1380 sine
479 1338 524 1381 ullo
541 1338 603 1381 clavo
618 1337 691 1380 ferreo
708 1346 863 1382 constructum

79 1408 179 1463 religioni
207 1408 352 1463 gravissimae
380 1407 448 1449 fuisse
476 1407 591 1458 Romanis,
615 1408 720 1448 omnibus
743 1415 863 1460 pernotum

78 1476 150 1519 habeo
160 1472 184 1533 ³),
206 1475 290 1529 Quare
301 1489 352 1518 cum
369 1476 405 1516 vix
420 1475 468 1516 fieri
483 1476 587 1529 potuerit,
604 1481 628 1517 ut
644 1475 692 1516 sine
707 1476 863 1519 instrumentis

78 1544 154 1586 ferreis
175 1557 231 1598 pons
252 1544 386 1595 reficeretur,
410 1544 518 1585 sacrificia
533 1557 546 1585 a
561 1543 664 1585 Varrone
679 1544 761 1586 tradita
776 1545 863 1598 piacula

78 1612 147 1654 fuisse
170 1612 243 1666 operis
265 1611 362 1655 faciendi
385 1619 406 1654 et
429 1611 523 1665 perfecti
538 1611 598 1654 ferro
613 1612 682 1654 inlato
698 1611 802 1667 elatoque
818 1615 864 1655 veri

77 1680 137 1723 haud
151 1679 251 1722 absimile
267 1681 360 1723 videtur.

108 1748 187 1791 Utrum
203 1761 300 1802 porca
320 1755 571 1802 praesentanea,
596 1762 653 1803 quae
670 1747 746 1791 Cereri
761 1750 862 1792 immola-

77 1817 143 1858 batur
162 1822 279 1870 praesente
295 1822 391 1867 mortuo,
408 1829 475 1871 quem
491 1823 555 1858 erant
571 1817 689 1868 condituri,
707 1816 745 1873 (cf.
761 1818 823 1861 Fest.
839 1818 862 1860 llll

78 1884 122 1927 250
144 1884 163 1926 L
187 1885 242 1936 296;
266 1884 320 1927 Mar.
343 1884 411 1936 Victi,
432 1884 481 1925 Keil
498 1882 593 1936 vr25);
610 1891 632 1927 et
653 1885 861 1928 sacrificium

45 1962 46 1966 ’
79 1952 154 1994 Lari
177 1952 346 2004 familiari,
371 1953 432 2007 quod
456 1952 535 1995 funere
556 1959 648 2006 peracto
665 1953 797 1996 vervecibus
813 1954 861 1997 fieri

77 2020 163 2063 solebat
179 2019 217 2077 (cf.
233 2019 278 2063 Cic.
295 2022 322 2063 de
337 2022 378 2075 leg.
394 2020 412 2062 ll
428 2018 465 2076 55)
481 2020 568 2074 piacula
583 2020 666 2063 fuerint
681 2021 755 2075 operis
764 2022 862 2065 faciendi

76 2089 194 2144 operisque
212 2087 311 2142 perfecti,
328 2102 369 2131 nec
385 2088 484 2130 affimare
500 2102 542 2131 nec
558 2103 640 2144 negare
656 2090 736 2132 audeo.
752 2090 789 2133 Ad
806 2092 861 2133 haec

76 2157 183 2199 sacrificia
198 2162 300 2210 spectare
312 2158 414 2199 videntur
423 2157 497 2208 verba,
506 2158 593 2212 quaein
601 2171 657 2199 urna
665 2159 763 2212 quadam
772 2159 862 2202 funebri

76 2224 188 2279 leguntur:
208 2224 258 2267 vict.
275 2226 323 2267 ord.
339 2224 376 2267 rit.
394 2224 486 2279 expiat„
503 2226 628 2280 dequibus
644 2226 779 2279 Mommsen,
796 2228 860 2271 Rdrn'.

77 2293 146 2344 Mitt,
163 2294 227 2344 1889,
243 2292 280 2347 Vl,
296 2308 317 2348 p.
335 2293 383 2335 173.

101 2402 119 2447 1)
131 2402 229 2438 Lustratio
248 2412 394 2447 nonnumquam
410 2403 449 2437 vim
463 2403 607 2447 procurationis
620 2401 756 2449 prodigiorum
768 2405 860 2456 habebat,

77 2459 102 2494 cf.
116 2458 201 2500 Wiillrer,
221 2456 249 2491 die
262 2457 368 2503 geschichtl.
381 2457 479 2492 Entwickl.
493 2457 524 2492 des
535 2457 712 2504 Prodpnnweseus,
725 2471 744 2505 p.
757 2464 780 2497 39
787 2473 791 2505 ;
805 2461 860 2506 plura

76 2515 127 2551 infra
139 2514 157 2549 in
171 2515 235 2559 capite
247 2515 311 2549 certior

99 2574 117 2616 2)
130 2570 246 2616 Oldenberg,
266 2569 277 2606 l,
291 2570 309 2613 l,
328 2582 347 2616 p.
360 2574 388 2615 42,
401 2570 484 2607 lustrum
496 2576 572 2607 tanturn
585 2572 624 2607 vim
636 2571 755 2616 piacularem
768 2573 859 2609 habuisse

76 2627 154 2668 iudicat,
171 2627 245 2662 hostias
261 2638 308 2662 vero
322 2632 397 2663 ceteras
409 2626 525 2663 honorarias
538 2627 674 2674 fuisselQuod
688 2629 746 2665 allato
759 2629 801 2665 Liv.
815 2629 860 2664 XXI

76 2684 128 2718 627
147 2693 187 2717 non
205 2683 303 2728 probatur.
321 2684 402 2719 Hostiae
421 2684 472 2719 enim
491 2683 532 2720 sive
545 2685 627 2719 maiores
640 2685 682 2720 sive
695 2686 790 2721 lactentes
803 2685 859 2721 solita
911 2728 913 2730 q

75 2743 130 2774 erant
142 2737 275 2784 prodigiorum
288 2740 405 2785 procuratio.

100 2794 118 2840 3)
131 2794 160 2831 Cf.
173 2795 252 2839 Dionys.
265 2794 396 2836 111453P1in.
409 2795 435 2829 N.
448 2795 474 2830 H.
488 2796 571 2831 XXXVI
584 2800 624 2832 100.
