2051 3214
566 207 581 248 4

178 350 230 378 vero
253 334 368 378 notionem
392 333 451 376 illam
475 333 532 376 adeo
557 347 607 376 esse
631 339 747 384 mutatam,
771 338 795 375 ut
816 332 919 376 lustratio
938 331 967 373 ab
1021 347 1026 385 j

177 404 305 459 expiatione
327 404 510 458 distingueretur3
535 410 614 457 postea
638 416 691 445 vero
711 402 820 445 ‘notiones
845 399 966 444 lustrandi
1021 405 1024 421 '‘

180 480 202 516 et
221 472 306 529 piandi
328 473 359 515 ita
382 472 439 514 inter
467 484 491 513 se
513 484 563 513 esse
580 471 692 523 confusas,
711 477 735 513 ut
751 469 892 513 differentiae
908 469 968 511 inter
1019 466 1026 502 ’ἲ

181 543 253 584 varios
277 555 352 583 saeros
375 541 429 583 ritus
453 554 482 582 ex
505 539 547 582 illis
563 541 601 582 vix
617 547 640 582 et
656 553 684 582 ne
701 540 738 581 vix
755 539 847 593 quidem
863 537 970 594 cognosci
1019 527 1025 603 Ξ

181 610 274 665 possint.
299 609 369 664 Ipsius
390 610 458 651 verba
479 609 584 651 afferam:
605 609 653 662 „En
670 621 756 659 somine,
776 606 884 664 l’ene‘gise
895 605 969 662 pitito-

182 678 269 734 logiqne
289 670 319 720 ¹ne
337 684 424 733 perinet
442 684 488 733 ,ons
509 676 619 720 d'nsseoir
639 691 680 720 snr
696 676 790 719 tontole
806 682 886 719 ternres
901 675 969 717 inter·

182 746 329 801 clangentes
352 759 396 788 nne
419 745 552 788 distinction
576 752 635 788 nette
655 751 716 788 entre
737 746 761 787 ln
774 744 926 799 purification
942 757 969 785 on
1017 765 1026 785 a,

182 814 304 858 lnstrotion
324 820 467 869 proprement
490 814 537 856 dite
561 821 583 856 et
605 812 738 869 l’enpintion
761 809 903 868 religiense.''
919 811 970 866 Qua
1017 803 1023 859 Ξ

182 885 270 939 quidem
287 883 392 937 opinione
406 883 467 926 idem
484 884 516 925 vir
531 883 611 925 doctus
628 897 656 926 eo
673 883 784 925 adductus
803 890 843 934 est,
861 888 885 924 ut
899 880 969 923 multa
1025 912 1026 919 ,

182 952 294 1004 sacrificia,
319 966 375 1006 quae
398 958 446 994 turn
470 952 529 1003 alibi,
553 959 601 994 tum
624 953 646 994 in
671 951 726 993 actis
750 950 844 1001 fratrum
860 949 968 993 arvalium

129 1063 130 1066 ,
179 1021 274 1076 pineolo
290 1021 399 1073 dicuntur,
416 1021 474 1064 inter
489 1021 637 1063 lustrationes
653 1026 787 1063 numeraret.
1021 1022 1026 1079 j

212 1089 286 1144 Quare
308 1090 368 1132 haud
391 1089 468 1132 inutile
492 1088 564 1141 fuerit,
588 1089 706 1145 inquirere,
731 1102 789 1145 quae
812 1090 884 1143 prima
908 1088 985 1131 vocio

180 1157 265 1213 piandi
295 1160 326 1201 vis
358 1166 425 1214 atque
457 1158 588 1215 significatio
620 1159 698 1210 luerit;
723 1172 767 1213 qua
790 1171 858 1212 porro
882 1158 969 1200 ratione

182 1227 264 1270 sensim
281 1235 367 1271 mutata
381 1228 404 1270 in
420 1227 485 1270 aliam
502 1234 568 1282 atque
584 1227 650 1270 aliam
666 1227 785 1270 transierit.
803 1226 892 1270 Etenim
909 1226 969 1268 vide·

160 1353 162 1356 v
183 1295 254 1338 bimus
279 1297 382 1339 notiones
402 1296 524 1352 purgandi
546 1296 580 1339 vel
603 1296 683 1354 lnendi
702 1302 841 1351 pernoscas
857 1309 902 1338 non
919 1308 969 1337 esse

183 1364 304 1416 habendas,
320 1366 343 1407 in
359 1366 438 1420 quibus
455 1379 500 1407 vox
512 1364 600 1419 piandi
614 1371 667 1407 nata
684 1365 718 1416 sit,
736 1364 776 1407 sed
792 1377 846 1418 prae
863 1364 910 1406 aliis
927 1364 969 1419 sig·
1015 1354 1026 1421 Ξ

183 1432 331 1476 nificationem
345 1434 457 1489 plorandi
471 1433 616 1488 principalem
633 1434 759 1476 ducendam
774 1446 824 1475 esse
833 1440 855 1476 et
864 1433 967 1475 nativam.

526 1597 542 1631 1.
573 1602 627 1631 PIUS.
652 1597 656 1604 '

212 1714 235 1756 ln
251 1714 314 1758 huius
330 1716 389 1758 vocis
403 1722 483 1758 natura
490 1716 658 1769 perscrutanda,
667 1715 792 1769 linguarum
801 1715 969 1769 comparatione
984 1758 986 1762 f

183 1797 261 1837 parum
277 1784 411 1838 proficimus,
428 1798 479 1827 cum
495 1784 619 1839 linguarum
636 1784 701 1837 periti
718 1784 809 1825 minime
817 1784 875 1827 inter
883 1797 907 1825 se
916 1795 969 1825 con·
1013 1809 1022 1843 „-

183 1852 286 1903 sentiant,
310 1866 352 1895 nec
376 1854 449 1895 variae
470 1853 602 1904 sententiae,
623 1866 667 1906 qua
683 1851 789 1895 facilitate
805 1858 966 1907 proponantur,

183 1921 261 1962 eadem
283 1927 306 1963 et
321 1923 496 1976 comprobentur
507 1918 531 1978 ¹).
548 1920 635 1974 Quodsi
650 1921 734 1963 omissa
746 1917 811 1963 'omni
827 1922 914 1964 ratione
929 1920 969 1962 lin·

183 1989 283 2045 guistica,
308 2004 337 2032 ex
360 1991 413 2044 ipsis
437 1997 537 2032 veterum
562 1990 657 2043 scriptis,
673 2003 730 2044 quae
743 1989 782 2044 pii
795 1990 824 2032 sit
839 1991 872 2033 vis
889 1996 911 2033 et
922 1990 969 2045 ¹sig·

183 2058 279 2100 nificatio
303 2059 374 2113 prima
397 2072 475 2101 eruere
499 2058 566 2109 lubet,
587 2059 632 2099 iam
648 2058 723 2100 statim
740 2058 911 2102 concedendurn
928 2065 969 2109 est,

184 2127 343 2182 significatione
358 2127 394 2170 illa
410 2127 505 2170 naturali
520 2133 542 2169 et
557 2126 672 2181 principali
681 2127 754 2169 notari
763 2133 864 2170 mutuam
873 2127 969 2182 aliquam

183 2194 361 2238 benevolentiam
385 2202 407 2238 et
423 2195 551 2250 caritatem;
567 2202 591 2238 ut
607 2195 703 2237 affinitas
720 2195 831 2250 quaedam
848 2209 898 2238 cum
916 2209 970 2238 voce
1013 2182 1026 2248 Ξ

184 2263 271 2319 gothica
296 2263 402 2319 infeinen
426 2265 517 2307 minime
534 2265 562 2306 sit
578 2265 697 2307 reicienda
714 2264 817 2307 Mutuom
833 2272 908 2308 autem
924 2265 971 2307 dixi

184 2332 362 2376 benevolentiam
387 2341 410 2376 et
432 2334 554 2384 caritatem,
577 2334 629 2388 quia
645 2339 724 2388 suapte
741 2340 820 2375 natura
833 2333 889 2389 pins
905 2333 971 2377 ratio·
1014 2318 1026 2396 Ξ

185 2414 235 2442 nem
259 2402 288 2443 ad
310 2402 403 2445 alterurn
425 2403 575 2457 pertinentem
592 2403 615 2444 in
632 2415 682 2444 sese
699 2402 806 2454 continet,
824 2416 868 2458 qua
885 2402 971 2445 ratione

185 2476 271 2512 mutata
287 2478 386 2514 mutatur
402 2477 424 2514 et
441 2472 519 2525 pietas.

214 2552 233 2579 a.
257 2538 548 2582 Piusssreverens
573 2552 647 2595 erga
671 2545 835 2593 parentem
1010 2581 1025 2603 Ξ

214 2606 248 2648 De
273 2607 314 2650 hae
337 2608 497 2664 significatione
522 2607 591 2651 multa
615 2608 689 2651 dicere
712 2608 759 2650 iure
784 2608 871 2651 videtur
894 2622 970 2663 super·
1009 2607 1026 2667 ἦ]

184 2688 313 2718 vacaneum.
330 2676 418 2719 Etenim
432 2676 497 2732 pinrn
513 2675 605 2719 Aenean
614 2690 720 2719 revocare
727 2677 749 2718 in
759 2682 859 2719 mentem
868 2676 969 2720 sufficiat.

184 2742 233 2785 Hoc
249 2750 336 2786 tantum
352 2745 418 2797 addo,
436 2744 563 2799 Apollinem
579 2758 669 2800 quoque
685 2759 698 2786 a
713 2743 812 2799 Vergilio
828 2744 884 2787 Aen.
899 2745 926 2787 III
942 2745 970 2788 75

210 2877 226 2923 i)
239 2876 314 2922 Walde,
327 2879 368 2915 Lat.
382 2879 442 2927 Etym.
461 2878 557 2915 tenetote
570 2890 589 2926 p.
602 2882 642 2915 587.
