2051 3214
577 135 606 177 46

200 261 255 305 Aea.
278 262 309 303 IX
331 261 375 303 448
399 259 424 302 iu
447 260 501 302 urbe
523 260 594 303 Raruu
618 260 678 303 lavis
700 262 805 316 ternplum
828 275 871 303 uau
884 259 981 315 fuit...

203 329 399 386 Tarquiuius....
428 327 498 383 caepit
525 329 633 384 auguriis
661 334 757 384 raptare,
781 329 822 384 qui
845 343 908 372 uuus
931 330 982 372 leuia

200 400 279 453 erupto
302 404 359 440 esset
374 395 521 451 aptissimum
538 403 559 438 et
574 411 623 439 curu
639 397 664 439 iu
681 396 782 438 arrrrribus
801 396 821 439 T
819 397 911 452 arpeius
927 404 985 440 esset

200 467 311 516 iuveratus,
333 467 357 507 iu
373 478 414 520 qua
430 470 497 506 eraut
511 466 584 508 ruulta
600 466 740 508 diversarum
756 465 875 507 uuruiuuua
891 467 981 516 sacella,

199 541 273 577 actura
297 539 336 584 est,
360 539 387 574 ut
408 531 490 574 euiurle
513 533 546 574 ad
564 532 613 588 alia
630 535 712 588 teupla
728 532 824 575 uuruiua
840 540 984 576 evocarentur

199 601 335 656 sacrifieiis,·
358 615 399 656 qua
418 606 496 655 pessel
513 600 581 643 libere
596 594 619 643 ir
632 601 682 643 siue
694 600 785 656 piacula
801 602 906 656 terupluur
923 600 984 643 lavis

200 669 358 724 exaedificare.

228 739 275 781 Nec
298 738 367 780 levior
388 737 514 791 profanatio
537 737 645 779 Romanis
669 743 716 779 erat
739 738 811 779 amitti
831 744 854 779 et
874 739 903 780 ab
918 738 983 780 hoste

199 808 248 861 capi
263 806 332 849 telum
348 805 407 857 illud,
423 818 489 858 super
505 805 565 859 quod
581 811 643 847 stans
659 806 706 847 dux
722 805 837 847 Romanus
854 805 924 848 classe
933 819 983 860 pro-

199 876 272 918 cincta
295 888 344 917 sese
365 874 398 916 dis
419 873 494 915 inferis
516 873 650 916 devovisset.
667 873 726 915 Tum
742 874 844 917 victimae
859 875 982 927 piaculares

199 943 264 985 llllarti
280 949 343 985 erant
359 942 497 991 mactandae,
515 941 544 985 cl.
561 941 609 982 Liv.
625 941 674 983 VIII
691 943 725 984 10.
744 944 772 984 14
788 944 829 985 tela
846 949 915 997 super
926 944 985 999 quad

199 1018 264 1054 sluus
279 1012 358 1053 rousul
368 1010 474 1064 precatus
491 1015 528 1059 est,
547 1009 629 1051 lasau
642 1009 714 1064 patiri
724 1009 770 1062 fas
785 1024 829 1053 uau
845 1017 888 1052 est:
898 1010 920 1052 si
924 1003 983 1066 peti-v

199 1086 258 1130 atur,
282 1078 356 1121 Marti
375 1076 566 1119 suovetaurilibus
583 1076 703 1144 piaculuru
714 1075 867 1133 fieri.=Quod‘
878 1078 947 1121 telum
959 1077 983 1137 1),

199 1149 221 1190 ni
242 1147 310 1198 fallor,
332 1146 407 1188 locum
428 1146 519 1187 tenebat
534 1144 611 1187 Martis
627 1146 723 1196 sacrarii,
740 1147 801 1200 quod
817 1147 885 1189 duces
901 1147 983 1189 bellum

198 1216 282 1271 gesturi
305 1214 439 1268 precationis
456 1226 523 1254 causa
538 1213 600 1254 adire
615 1213 770 1263 solebantscl.
787 1213 849 1257 Serv.
866 1217 901 1257 ad.
915 1214 983 1270 Verg.

198 1283 254 1326 Aru.
268 1283 317 1325 VIII
331 1284 345 1324 3
361 1281 437 1337 isqui
451 1280 504 1323 belli
516 1287 644 1335 susceperat
655 1294 739 1332 euraru,
754 1282 882 1324 sacrariuru
898 1282 984 1324 Martis

199 1348 316 1406 iugressus
331 1349 405 1404 priua
421 1348 507 1391 aucilia
522 1349 680 1399 eoueaavebau
692 1356 747 1405 pasl
759 1350 849 1392 leaslaru
865 1349 985 1393 simulacri

201 1419 280 1474 i'psius,
303 1417 392 1460 diceus:
413 1417 478 1459 Mars
494 1415 573 1470 vagella.
591 1416 670 1458 Telum
686 1417 752 1472 igitur
767 1419 795 1460 ab
812 1419 876 1461 hoste
892 1425 981 1472 captum

176 1542 178 1545 .
200 1488 259 1529 idem
276 1486 363 1529 valebat
379 1499 405 1527 ac
421 1487 440 1527 si
455 1487 523 1528 aedes
539 1486 608 1540 ipsius
624 1486 701 1528 Martis
717 1486 835 1539 profanata
851 1493 917 1528 esset.

230 1554 264 1597 Ad
286 1553 465 1607 profanationem
489 1562 511 1597 et
534 1554 569 1595 illa
592 1553 629 1596 lex
652 1556 754 1608 perimet,
779 1567 836 1607 quae
852 1555 935 1596 hostIas
952 1556 980 1596 ab

198 1622 241 1664 aris
256 1621 369 1676 profugas,
386 1622 489 1676 persequi
505 1629 527 1664 et
543 1623 645 1664 occidere
660 1623 758 1665 iubebat.
774 1621 842 1675 Quod
858 1623 876 1664 si
892 1623 981 1665 victima

199 1698 264 1744 capta
291 1703 337 1732 non
365 1696 420 1741 erat,
449 1689 529 1744 piaculi
552 1696 600 1731 erat
624 1696 739 1732 contracta
762 1691 899 1733 commissio.
922 1690 979 1732 Nam

197 1759 269 1801 hostia
289 1758 348 1801 mole
372 1759 430 1800 salsa
445 1772 536 1813 aspersa
552 1758 595 1800 iam
612 1759 646 1801 dis
662 1765 750 1800 sacrata
764 1766 812 1800 erat
828 1766 850 1801 et
866 1760 894 1800 ab
910 1759 980 1801 homi-

197 1839 250 1868 num
273 1840 315 1868 usu
337 1827 414 1877 aliena,
436 1826 464 1870 cf.
480 1826 541 1873 Serv.
559 1827 587 1868 ad
603 1826 685 1881 Vergil,
701 1825 757 1868 Aru.
773 1826 791 1868 II
808 1828 851 1868 104
866 1839 980 1869 sacraruur

197 1900 235 1945 est,
253 1900 280 1935 ut
289 1892 387 1948 fugiens
402 1893 500 1945 uictima,
518 1893 648 1949 ubieuruque
663 1893 756 1936 iuveula
766 1892 849 1948 fuerit,
859 1886 979 1944 occidatur,

197 1975 224 2004 ue
236 1961 353 2017 piaculare
369 1960 528 2004 eauruittatur.

226 2030 254 2071 lis
270 2043 358 2085 quoque
370 2029 432 2081 locis,
448 2030 485 2072 ubi
497 2030 625 2083 haruspices
639 2029 712 2085 fulgur
720 2030 906 2072 condiderant-
914 2043 980 2085 quae-

196 2111 239 2152 que
262 2099 290 2139 ab
313 2098 366 2151 ipsis
389 2098 541 2151 haruspicibus
560 2097 648 2153 fulgur
668 2097 788 2148 cauditum,
806 2112 819 2140 a
835 2098 980 2152 scriptoribus

195 2166 307 2207 veteribus
330 2165 461 2220 plerumque
484 2165 587 2208 bideulal
608 2167 712 2208 dIcuntur
728 2189 755 2197 —-
773 2166 837 2208 facile
861 2168 889 2208 ab
910 2168 979 2210 inscio

196 2234 378 2276 committebatur
401 2233 520 2288 piaculum.
544 2233 633 2276 Etenim
649 2233 683 2275 vel
699 2234 781 2276 intueri
795 2233 851 2276 haec
867 2233 917 2277 loca
932 2236 981 2289 pia-

189 2302 268 2347 culare
289 2315 339 2344 esse
361 2302 503 2356 haruspicum
519 2301 568 2343 libri
583 2301 757 2355 proclamabant,
773 2301 802 2344 cf.
818 2301 892 2344 Amin.
910 2302 978 2345 Marc.

195 2369 264 2411 XXIII
282 2370 302 2412 5.
327 2372 353 2412 13
374 2370 412 2411 rae
428 2369 490 2411 ruadu
505 2375 607 2410 earrtaela
623 2370 670 2412 laea
686 2382 724 2411 uec
741 2368 826 2411 iutueri
841 2383 879 2412 uec
895 2370 980 2413 calcari

142 2442 146 2446 ”
195 2438 271 2480 debere
288 2436 424 2492 fulgurales
443 2436 598 2492 prauuuliaul
619 2436 679 2488 libri,
701 2436 774 2481 Schol.
791 2438 824 2480 'ad
840 2438 901 2481 Pers.
917 2439 978 2481 1127

220 2623 236 2665 l)
249 2620 317 2655 Telum
336 2620 383 2655 illud
401 2619 452 2665 bene
470 2617 630 2664 distinguendum
649 2623 679 2655 est
698 2620 721 2655 ab
741 2620 808 2663 hastis,
821 2630 871 2665 quae
884 2622 903 2656 in
916 2621 979 2667 Regia

195 2677 343 2712 asservabantur
356 2680 376 2711 et
389 2686 470 2721 quarum
483 2686 540 2711 unam
555 2676 643 2711 nonnulli
657 2676 682 2711 ob
696 2676 807 2711 testimonla
820 2676 912 2712 Varronis
925 2678 979 2722 apud

195 2731 254 2767 Clem.
267 2731 322 2767 Alex.
335 2731 426 2777 Pratraul.
440 2736 450 2766 4
464 2731 513 2777 (VIII
526 2734 560 2766 136
572 2730 598 2775 M)
611 2732 693 2768 Arnobii
706 2732 749 2766 aaa.
762 2734 800 2766 erat.
808 2731 839 2767 VI.
847 2736 868 2767 11
880 2733 978 2769 Plutarchi

195 2786 247 2821 Rau.
260 2790 283 2823 29
296 2788 359 2832 Ipsum
371 2787 452 2823 Martem
466 2787 525 2823 fuisse
538 2787 630 2823 iudIcant.
