2051 3214
464 153 492 194 35

117 282 170 325 Plin.
187 278 260 335 Epist.
276 279 339 322 1119.
356 279 376 321 9.
394 276 518 320 uilissima,
529 297 548 320 .;
564 278 632 334 quasi
643 276 763 333 piaculari
777 277 871 335 (liastia)

89 354 153 400 lata
169 348 251 401 Paucg.
266 346 293 388 iu
312 345 372 388 Trai
389 347 424 396 34,
432 353 463 399 sp.
473 347 502 388 30
517 346 593 389 Baehr.
611 348 673 389 uclut
684 345 817 401 piaculares
829 352 871 401 pu-

89 419 159 462 llicac
180 413 345 457 sollicitudinis
368 413 472 456 victiurac
495 412 545 471 (ie.
568 415 683 469 placantes
700 413 871 464 sollicitudinem

6 492 22 528 ’.
89 480 217 542 publicam).

35 578 37 582 >
118 555 177 596 Fest.
193 551 216 594 M
232 552 275 593 213
291 551 310 592 L
327 551 371 592 234
383 524 513 605 piacularis
525 557 601 605 parca.
617 549 677 592 Paul.
694 550 716 592 M
732 551 777 592 214
792 534 812 592 L
827 550 871 592 235

2 614 20 636 ⁵
86 619 216 679 piacularis
235 624 303 673 parta
326 618 410 660 Raruac
425 617 487 660 dicta
499 624 591 673 propter
605 619 684 674 aliqua
697 617 798 673 piacula,
815 632 873 673 quac
946 626 948 629 '

90 690 171 734 ibidcru
183 687 279 742 ficbaut.

118 756 185 812 Quod
209 757 237 798 ad
260 754 336 797 titulos
361 755 448 806 attinet,
472 754 501 796 ef.
517 755 609 797 Henzen
624 754 653 797 A.
669 755 707 797 Fr.
722 753 750 796 A.
765 768 785 808 p,
803 755 832 796 20
850 761 872 796 et

89 826 177 878 aliubi
193 824 319 866 undevicies
336 823 443 876 scriptum
460 823 545 864 videbis
557 829 638 878 parcae
654 822 687 864 vel
700 823 810 877 parciliar
819 822 871 877 pia-

89 896 190 943 cularcs;
206 907 227 946 p.
245 893 287 935 139
304 905 322 942 c,
339 892 378 933 ubi
394 897 428 933 ter
443 890 583 945 sacrificium
595 890 722 946 piacularc.

119 960 345 1004 b.Piacularis
370 960 552 1013 :piaculo
583 960 706 1014 dignus,
731 961 801 1001 unde:
826 972 871 1001 ne-

90 1032 204 1080 fastus,
229 1028 425 1070 scelerosus.

119 1097 152 1140 Cf.
176 1097 236 1139 Fest.
260 1097 282 1138 M
295 1096 342 1139 245
358 1096 377 1137 L
394 1096 444 1148 286,
466 1095 525 1138 Paul,
547 1096 570 1137 M
586 1096 630 1138 246
647 1096 666 1137 L
682 1095 725 1138 287
738 1095 871 1151 piacularia

91 1164 201 1220 auspicia.
420 1202 421 1205 ,
545 1196 547 1228 i

120 1234 219 1275 Macrob.
241 1232 289 1275 Sat.
306 1232 318 1273 l
332 1233 366 1274 10.
385 1234 395 1273 1
410 1238 495 1286 paruas
511 1229 526 1273 a
541 1238 629 1273 uacrutc
644 1231 715 1274 isdrru
728 1232 807 1274 dicbus
820 1230 871 1288 (Sa-

8 1293 9 1296 ¹
91 1298 228 1356 turualilus)
246 1300 335 1355 cucgcra
346 1299 465 1354 piacularc
480 1306 518 1350 cst,
536 1300 544 1341 Ι
561 1300 595 1343 15.
612 1301 638 1341 21
653 1299 726 1353 feriis
738 1306 812 1342 autcru
826 1300 871 1342 uim

4 1368 18 1407 st
91 1369 195 1424 cuiquam
207 1368 265 1423 ficri
276 1368 395 1423 piacularc
410 1374 449 1410 cst.

119 1437 185 1490 Apul.
202 1437 229 1478 dc
245 1437 284 1479 aea
300 1436 360 1480 Sccr.
376 1436 409 1488 Ill,
426 1450 447 1490 p.
466 1437 493 1478 10
509 1451 528 1479 v.
546 1437 567 1479 d.
583 1436 643 1478 Vliet
659 1450 794 1492 quaruquaru
810 1451 870 1479 sc...

90 1505 122 1546 ita
138 1504 240 1546 cucullus
255 1504 367 1546 erroribus
382 1518 409 1545 ac
420 1503 580 1558 piacularibus
592 1501 632 1560 (=
640 1502 747 1561 peccatis)
760 1505 870 1560 deprava-

2 1577 4 1579 ’
89 1572 168 1623 variat,
192 1572 311 1615 sceleribus
335 1571 468 1623 irubucriut;
484 1571 548 1627 Apul.
564 1572 634 1624 XLV,
651 1586 672 1626 p.
689 1573 718 1615 59
734 1587 754 1614 ν.
771 1574 792 1615 d.
809 1573 870 1615 Vliet

16 1661 18 1663 >
89 1653 126 1694 aga
149 1653 192 1681 uau
215 1640 243 1681 dc
265 1639 336 1682 uilrila
355 1641 451 1694 pustula,
475 1646 503 1681 ut
517 1639 622 1691 uaruiucs,
640 1640 733 1695 quiuaru
750 1647 816 1683 testes
831 1641 870 1683 lcac

16 1754 17 1757 Ἴ
85 1707 203 1761 piaculari
217 1709 251 1761 (=
262 1708 358 1760 nefasto)
374 1722 437 1750 sacra
453 1707 579 1761 adfurriut.

117 1775 196 1830 Paneg.
213 1776 290 1818 incert.
306 1776 383 1827 XVlll,
401 1790 422 1830 p.
438 1777 482 1818 206
497 1776 575 1817 Baehr.
592 1789 630 1818 ucc
646 1776 743 1819 desitura
753 1809 757 1821 .
768 1809 787 1822 ..
802 1784 872 1832 caput

4 1853 15 1877 ν’
88 1841 149 1884 illud
159 1843 279 1897 piacularc
295 1843 332 1899 (=
342 1844 486 1898 scelerosum)
498 1842 599 1897 focdari.

28 1931 30 1934 >
117 1910 169 1952 Min.
187 1911 232 1953 Fel.
251 1901 297 1956 (lat.
313 1912 387 1954 XXIV
404 1913 417 1953 3
430 1911 550 1966 piacularc
560 1911 690 1966 flagitium.

99 1977 208 2032 >Tertull
232 1979 260 2021 dc
279 1980 335 2034 pud.
359 1981 388 2021 22
408 1980 434 2032 (ΙΙ
450 1980 508 2022 1084
523 1979 553 2033 Ml
570 1979 723 2034 piaculariter
745 1980 870 2037 (flagitiose)
898 1947 903 1955 l

12 2055 13 2058 ’
88 2053 230 2099 ucgaveruut.

412 2162 535 2191 CONCLUSIO.

116 2255 145 2298 Ut
168 2258 244 2310 paucis
268 2271 300 2309 ea,
324 2272 381 2313 quae
402 2259 474 2300 adhuc
496 2259 597 2310 vidimus,
615 2243 810 2313 comprehendam
826 2262 869 2304 hoe

4 2342 8 2375 χ
87 2324 109 2363 ni
132 2324 195 2367 fallor
218 2327 342 2368 certissime
365 2333 460 2378 constat,
485 2327 577 2369 verbum
597 2326 684 2381 piaudi
706 2336 728 2371 et
749 2343 806 2384 quae
827 2329 869 2371 alia

1 2410 7 2439 ῃ
87 2403 137 2432 cum
161 2407 188 2435 eo
212 2396 331 2437 cohaerent
355 2395 470 2447 vocabula,
494 2395 545 2438 licet
568 2397 650 2438 sensim
666 2397 688 2438 in
706 2398 868 2441 diversissimas

3 2494 4 2497 ,
87 2458 257 2512 significationes
280 2464 380 2515 abierint,
402 2464 477 2506 omnia
497 2477 527 2506 ex
542 2477 586 2505 una
603 2465 678 2506 radice
694 2478 751 2519 quae
767 2473 801 2508 est
813 2467 869 2521 pius

87 2524 220 2582 effloruisse3
237 2532 288 2573 huic
303 2538 378 2573 autem
395 2533 439 2573 vim
455 2538 522 2587 atque
538 2532 724 2587 significationem
737 2535 868 2577 eaminesse

87 2595 190 2649 nativam,
220 2613 277 2653 quae
306 2606 407 2642 veterum
435 2600 523 2654 scriptis
547 2607 632 2654 attente
656 2602 809 2653 consideratis,
834 2603 868 2645 vel

86 2660 155 2705 invito
178 2672 199 2707 et
223 2669 335 2710 recusanti
350 2682 400 2710 sese
416 2668 496 2710 offerat
512 2681 604 2711 necesse
621 2676 662 2721 est,
680 2670 764 2712 acuaris
780 2671 830 2713 dico
847 2678 868 2713 et

88 2727 201 2775 bcuitatis.

117 2795 179 2850 Quae
203 2815 253 2844 cum
269 2804 300 2845 ita
316 2804 367 2855 sint,
383 2803 449 2859 longe
466 2805 617 2848 recedendum
632 2812 666 2847 est
682 2806 710 2848 ab
726 2807 830 2860 opinione
846 2814 867 2849 et
