2051 3214
462 133 504 173 123

88 259 214 303 hominibus
228 260 329 310 inimica;
345 264 423 301 contra
439 258 480 299 rite
496 272 546 301 cum
562 258 694 310 colerentur,
709 258 764 301 deos
779 258 873 301 salutem

89 329 130 370 sibi
158 331 250 372 daturos
278 327 387 382 putabant
416 326 528 381 vitamque
551 341 690 381 prosperam.
713 326 874 369 Minutissimas

89 410 141 439 vero
163 399 201 451 ob¹
217 409 296 439 causas
321 397 414 438 deorum
432 395 610 438 benevolentiam
627 396 699 438 amitti
714 408 783 449 posse
799 396 874 438 crede·

90 465 153 507 bant:
170 466 265 519 ideoque
282 478 371 518 semper
387 470 409 506 et
425 464 507 518 ubique
522 464 637 506 Romanos
654 463 799 518 expostulare
814 464 874 506 vide·

89 546 139 575 mus
162 533 336 575 benevolentiam
357 539 436 587 precene
460 532 548 575 veeee‘ern
572 534 665 575 deorum
687 539 756 587 utque
776 534 874 575 volentes

88 601 132 643 sint
147 608 216 656 atque
229 601 328 656 propitii
338 599 360 658 ¹).

118 669 153 711 Ex
184 670 232 724 ipso
264 670 301 712 illo
331 675 393 711 metu
423 676 444 711 et
468 670 548 712 timore
571 670 679 724 originem
704 669 797 711 duxisse
820 669 873 710 mihi

89 738 191 780 videntur
214 739 307 793 piacula,
331 751 370 780 seu
394 744 418 779 ut
442 737 489 779 aliis
512 738 585 780 verbis
601 745 657 788 utar,
673 736 761 791 piacula
777 738 873 779 dicenda

87 813 139 849 sunt
154 806 405 860 sacrificiasimpliciter
417 806 551 861 placatoria.
567 806 634 859 Quod
653 819 698 848 non
714 805 786 848 solum
803 806 872 859 ipsius

88 875 148 916 vocis
169 874 249 928 piaculi
264 875 397 931 significatio
414 875 501 917 indicat.
518 874 575 916 Nam
591 881 680 928 praeter
695 875 811 916 notionem
827 873 873 928 pla-

88 942 180 984 caminis
196 942 255 985 nulla
271 943 313 984 alia
329 944 386 985 ratio
403 943 528 985 communis
544 943 655 998 assignari
669 949 744 996 potest
757 942 873 984 variisillis

88 1010 225 1064 piaculorum
249 1012 375 1066 generibus,
392 1012 516 1066 dequibus
533 1012 568 1066 egi
583 1011 605 1052 in
622 1012 695 1065 capite
710 1011 872 1065 praecedente3

87 1084 109 1120 et
130 1078 190 1133 quod
206 1079 357 1133 spernendum
373 1092 419 1132 pon
435 1086 476 1131 est,
494 1080 609 1133 complura
625 1086 725 1122 veterum
742 1078 872 1122 testimonia

89 1148 218 1199 ostendunt,
234 1148 295 1201 Ipsos
312 1161 400 1202 quoque
416 1147 531 1190 Romanos
539 1147 626 1201 piacula
634 1147 758 1203 generatim
766 1147 872 1189 habuisse

88 1214 175 1257 divinae
195 1215 240 1257 irae
255 1215 387 1268 placamina.
401 1214 449 1257 Nec
465 1216 537 1257 minus
552 1216 600 1269 ipse
616 1216 671 1257 ritus
688 1214 871 1272 oblationemque

89 1284 181 1325 materia
204 1284 247 1326 vim
271 1283 416 1338 placatoriam
437 1284 537 1326 sacrificii
554 1285 701 1327 demonstrat.
717 1284 781 1337 Quae
796 1283 872 1325 omnia

90 1363 148 1393 nunc
164 1365 205 1394 suo
220 1352 318 1407 quidque
334 1351 384 1395 loco
400 1351 470 1394 fusius
486 1351 611 1406 explicabo.

117 1486 180 1540 Quae
203 1488 231 1531 sit
254 1487 286 1530 vis
310 1494 377 1543 atque
400 1487 531 1543 significatio
556 1488 616 1530 vocis
635 1488 730 1543 pineeele',
756 1489 778 1530 in
798 1488 870 1541 primo

86 1555 158 1608 capite
171 1555 235 1597 huius
252 1556 407 1609 disputationis
423 1556 525 1610 exposui.
541 1555 661 1598 Placeneen
676 1563 715 1598 est.
732 1556 778 1598 Iam
794 1557 870 1598 statim

85 1623 150 1677 Igitur
172 1622 238 1665 aliam
260 1624 414 1679 quaestionem
438 1624 599 1679 aggrediamur,
623 1624 721 1679 quidque
744 1625 787 1666 sibi
802 1624 870 1666 velint

87 1690 172 1746 singula
188 1691 324 1745 piaculorum
340 1704 421 1746 genera
437 1698 610 1745 perscrutemur.

115 1759 278 1802 Piaculum
309 1760 473 1802 commissi
501 1773 554 1813 prae
583 1761 663 1803 ceteris
692 1774 743 1802 esse
766 1760 869 1814 placa·

86 1840 152 1868 men
175 1827 242 1869 irae
266 1826 324 1870 clare
348 1827 420 1869 elucet
443 1841 472 1869 ex
488 1827 561 1869 verbis
578 1828 605 1882 Q.
622 1828 685 1870 Fabii
700 1828 794 1871 Maximi
809 1829 869 1882 apud

57 1945 59 1949 Α
86 1894 172 1936 Livium
188 1895 250 1937 XXII
264 1896 286 1938 9.
303 1895 323 1939 7.
339 1895 396 1938 Nam
413 1896 509 1938 dictator
525 1909 576 1938 cum
590 1902 664 1949 patres
678 1896 806 1938 edocuisset
820 1895 869 1937 Fla-

86 1963 178 2004 minium
198 1962 313 2005 consulem
329 1964 447 2017 praecipue
463 1963 597 2019 negligentia
613 1965 804 2006 caeremoniarum
819 1977 869 2005 aus-

85 2030 237 2085 piciorumque
259 2044 372 2086 peccasse,
397 2032 473 2074 staIIm
497 2032 584 2074 addidit
605 2033 697 2074 numina
721 2034 775 2085 Ipsa
786 2045 867 2074 consu-

84 2099 151 2141 lenda
174 2112 230 2151 esse,
248 2113 305 2154 quae
318 2100 413 2155 piacula
429 2100 558 2142 iraeneum
575 2108 657 2144 essent.
672 2100 763 2143 Servius
779 2112 869 2153 quoque

85 2169 113 2209 ad
136 2166 218 2222 Vergil.
239 2166 294 2210 Aen.
316 2167 869 2222 1279911999εοῐυενετεοτεᾱεῇῂὴὴῑεεε

65 2259 66 2263 =
85 2235 168 2278 verbis:
185 2235 272 2289 offense
288 2237 378 2292 deerant
395 2236 494 2286 liberere,
512 2237 644 2291 quibuscum
661 2237 750 2292 egregie
767 2237 868 2292 congruit

108 2402 125 2446 1)
138 2402 279 2438 Beneventum:
292 2402 345 2438 Seru.
359 2403 382 2438 ad
396 2401 467 2447 Vergil.
481 2402 526 2436 Aen.
539 2402 547 2435 I
560 2404 600 2445 519,
613 2403 638 2438 IV
650 2405 673 2437 50
685 2409 705 2439 et
718 2406 746 2446 56,
760 2404 777 2437 X
790 2407 819 2440 31.

107 2459 150 2494 Pax
162 2462 180 2493 ei
191 2457 259 2494 venia:
278 2457 317 2494 Cic.
330 2459 365 2503 pre
377 2457 423 2492 liei.
437 2459 458 2501 53
474 2459 511 2502 pire
524 2457 576 2495 Feret.
590 2461 624 2502 303
638 2459 679 2496 Liv.
693 2459 701 2493 Ι
714 2463 742 2494 31.
757 2464 772 2502 7,
785 2459 867 2494 XXXIX

84 2520 112 2551 10.
127 2519 149 2557 53
163 2515 219 2552 Ovid.
233 2515 271 2550 Ars
286 2514 328 2549 Ani.
341 2515 349 2550 l
362 2519 378 2549 2.
392 2517 420 2548 21.

107 2571 163 2606 Pax:
181 2571 253 2618 Vergil.
273 2571 318 2605 Aen.
338 2571 363 2606 III
382 2572 422 2612 261,
441 2570 466 2605 IV
480 2572 507 2616 56,
521 2570 539 2604 X
551 2574 573 2605 31
591 2581 635 2606 cum
652 2573 704 2607 notIs
718 2570 791 2614 Servii3
804 2571 867 2606 Liui

84 2630 111 2663 16.
125 2631 141 2670 3,
153 2627 179 2662 III
191 2629 207 2662 5.
223 2626 364 2670 143V112.2.
599 2657 605 2671 Ι

111 2682 181 2717 Venice:
193 2683 264 2728 Vergil.
278 2681 323 2719 Aen.
337 2683 345 2717 Ι
358 2685 392 2717 519
405 2686 424 2716 et
437 2682 462 2717 IV
475 2685 498 2717 50
511 2693 555 2717 cum
569 2683 621 2718 notis
634 2682 701 2718 Seruii.

111 2738 174 2773 Veiens
188 2737 296 2784 propitius:
315 2739 356 2774 Cat.
375 2737 396 2772 de
408 2748 450 2783 egr.
465 2742 502 2780 114,
517 2741 556 2780 139,
571 2742 615 2782 141,
629 2738 682 2774 Serv.
697 2740 722 2774 ad
735 2740 805 2785 Vergil.
821 2738 866 2774 flere.

82 2796 90 2831 1
105 2797 150 2839 7373
164 2794 205 2830 Liv.
219 2795 227 2831 I
241 2794 268 2829 16.
282 2799 298 2837 3,
312 2800 384 2831 cetera.
