2051 3214
590 149 619 191 68

214 285 286 315 nanas
308 272 392 324 Maias,
418 273 443 315 iu
465 274 545 329 quibus
568 275 623 331 quia
646 275 670 318 iu
691 289 739 317 una
753 274 833 334 nostia
843 275 995 330 magistratus

213 341 349 384 Lanuvinus
368 340 475 397 precatus
498 356 541 385 recu
565 351 620 395 erat,
641 345 723 399 populo
744 343 844 385 Romano
860 343 992 397 Quiritium,

213 410 320 465 religioni
329 409 388 464 suit.
405 410 430 452 id
444 424 493 453 cnm
509 412 542 453 ad
556 419 660 454 senatum
674 413 770 454 relatum
779 418 847 465 esset,
861 418 995 467 senatusque

213 478 246 519 ud
263 478 397 532 pontificum
421 478 537 533 collegium
560 480 678 531 reiecisset,
701 479 854 535 pontificibus,
878 479 933 535 quia
949 493 994 522 nou

212 552 268 588 recte
293 546 373 600 sactae
399 546 498 589 Latinae
525 554 605 599 esseut,
630 547 769 591 instauratis
791 547 884 590 Latinis
905 548 995 602 placuit

212 613 350 666 Lanuvinos,
375 629 466 671 quorum
487 621 553 670 opera
575 616 720 659 instauratae
733 623 811 668 essent,
828 616 914 658 leostias
927 622 993 671 prae-

212 682 266 724 berc⁴
283 681 345 726 Cass.
362 683 411 726 Dio,
428 683 528 725 XXXIX.
545 685 581 726 30.
597 685 612 726 4
627 683 717 733 Aurirue
732 682 818 737 δεύτερον
833 685 878 726 τότε
895 683 934 726 ὑπό
942 699 993 732 τινος

212 749 247 792 οὐκ
262 748 323 804 ὀρθῶς
339 749 470 806 πραχθέντος
485 750 612 804 ncooouirua.

242 833 261 861 e.
284 820 487 864 instauratio
511 823 547 863 ob
570 823 857 876 interruptionem.

240 888 304 931 Hane
319 890 469 932 renovationis
485 891 594 932 rationem
609 891 669 933 haud
684 890 780 933 infacete
795 890 889 933 illustrat
902 889 992 932 Servius

212 957 240 999 ad
256 956 338 1013 Vergil.
354 957 409 1000 Aen.
425 958 475 1009 VIII
492 960 534 1001 110
550 972 578 1001 ne
593 958 756 1014 interruptione
773 958 885 1013 sacrificii
894 992 898 1000 .
909 992 912 1000 ,
923 991 927 1000 .
939 957 991 1012 pia-

211 1026 286 1068 culum
302 1027 514 1075 committeretur„..
531 1041 580 1069 curu
597 1028 649 1070 ludi
663 1027 776 1070 Circenses
788 1026 892 1083 Apollini
899 1027 992 1069 celebra-

210 1101 296 1147 rentur,
320 1102 347 1137 nt
368 1096 488 1139 Hannibal
509 1097 630 1139 nuntiatus
653 1104 688 1139 est
701 1098 761 1140 cirea
773 1105 863 1153 portam
881 1096 991 1140 Collinam

214 1162 268 1204 Urbi
290 1163 399 1218 ingruere,
425 1179 499 1207 omnes
521 1166 596 1220 raptis
619 1166 691 1208 armis
712 1172 884 1217 coucurreruut;
907 1165 993 1208 reversi

206 1238 285 1285 postea
305 1245 354 1274 cum
368 1232 486 1287 piaculum
497 1232 659 1287 formidarent,
677 1234 814 1277 invenerunt
827 1235 950 1277 saltantem
967 1233 991 1275 in

209 1299 266 1341 circo
281 1314 353 1342 senem
370 1302 487 1356 arcendum.
504 1302 544 1357 qui
558 1316 607 1344 cum
624 1302 777 1357 iuterrogatus
793 1302 893 1362 dinisset
906 1315 930 1343 se
948 1315 991 1343 nau

210 1367 358 1423 interrupisse
379 1370 529 1421 saltationem,
547 1370 631 1412 dictum
648 1377 682 1413 est
695 1371 734 1413 lior
746 1369 901 1425 proverbium:
917 1369 990 1412 ‘salva

209 1449 245 1477 res
269 1442 311 1487 cst,
333 1439 407 1479 saltat
428 1438 510 1481 senen'.
534 1439 601 1481 Fest.'
615 1439 638 1481 M
654 1440 697 1482 326
713 1439 732 1481 L
748 1440 792 1482 436
809 1438 882 1481 ‘salva
897 1451 933 1480 res
948 1435 992 1494 [est

212 1505 265 1547 dum
289 1503 377 1562 cantat]
400 1507 481 1557 senen',
505 1521 575 1562 quare
593 1507 697 1562 parasiti
719 1507 837 1562 Apollonis
860 1507 885 1548 iu
908 1520 991 1549 scaena

209 1572 319 1625 dictitent,
344 1587 436 1616 causum
459 1574 593 1618 Verrius...
610 1575 718 1626 reddidit,
735 1576 794 1630 quod
811 1574 833 1617 C.
850 1574 949 1629 Sulpicio
967 1573 989 1616 C.

209 1641 290 1683 Fulvio
320 1655 369 1693 cos,
394 1643 425 1685 M.
452 1641 574 1697 Calpurnio
597 1643 677 1685 Pisone
696 1649 800 1709 praetore
822 1643 870 1685 urb.
888 1642 991 1696 jaciente

209 1710 281 1760 ludos,
305 1710 378 1751 subito
401 1711 433 1752 ad
455 1725 520 1753 arma
536 1711 636 1753 euierint
650 1712 755 1754 nuntiato
771 1712 869 1754 aduentu
884 1706 988 1761 nostium,

209 1776 343 1833 victoresque
374 1777 398 1820 in
422 1778 533 1821 tlceutrum
557 1779 669 1822 redierint
690 1779 789 1831 solliciti,
814 1793 841 1821 ue
864 1778 991 1821 intermissi

208 1845 338 1900 religionem
362 1845 486 1900 adferrent,
512 1847 703 1903 instaurandisque
718 1848 769 1891 ludi
779 1844 795 1903 1)
811 1854 896 1889 essent:
913 1847 989 1889 inven-

210 1920 256 1955 tum
285 1928 332 1956 esse
360 1914 393 1956 ibi
418 1913 439 1957 C.
464 1915 614 1970 Pomponium,
638 1916 769 1959 libertinum
791 1915 884 1957 mimum
908 1929 989 1969 magno

210 1988 273 2033 nutu,
291 1981 331 2037 qui
345 1983 377 2024 ud
392 1982 504 2025 tibicinem
520 1985 622 2026 saltaret.
638 1985 714 2040 itaque
722 1984 810 2039 gaudio
824 1998 867 2026 nou
877 1983 988 2037 interrup-

210 2056 247 2092 tae
261 2050 380 2105 religionis
395 2050 479 2093 editam
496 2065 567 2094 nocem
584 2066 643 2094 nunc
658 2066 741 2108 qnoque
756 2051 869 2095 celebrari.

238 2119 259 2160 d.
283 2119 488 2162 instauratio
512 2121 548 2162 ob
571 2121 731 2176 prodigia.

238 2186 345 2242 Prodigiis
369 2187 433 2230 factis
449 2187 495 2230 ludi
511 2195 533 2231 et
549 2188 657 2231 solemnia
673 2190 823 2231 instaurentur
839 2201 931 2231 necesse
947 2194 989 2240 est,

207 2255 258 2308 quia
273 2255 379 2310 prodigiis
396 2256 417 2297 di
434 2255 556 2298 ostendunt
572 2270 634 2298 sacra
650 2257 692 2298 sibi
707 2257 736 2299 ob
750 2257 802 2298 vitia
815 2256 988 2312 negligentiasve

204 2322 331 2376 displicere.
356 2323 392 2365 Bis
413 2323 490 2365 Livius
511 2325 679 2367 renovationem
703 2331 779 2366 narrat
794 2324 876 2367 factam
893 2325 922 2366 ob
937 2337 988 2378 pro-

208 2391 277 2446 digia:
301 2391 341 2433 XL
357 2392 423 2434 596
446 2392 498 2434 ludi
518 2392 617 2434 Romani
639 2392 767 2434 instaurati
786 2393 814 2434 ab
830 2392 986 2435 aedilibus...

204 2466 296 2514 propter
307 2459 416 2514 prodigia
431 2474 487 2515 quae
503 2467 626 2502 evenerant,
641 2460 718 2503 Altera
726 2467 801 2503 autern
810 2461 907 2503 narratio
915 2460 987 2502 levem

208 2527 361 2580 difficultatem
384 2529 487 2581 praebet:
512 2528 606 2569 XXXIX
622 2528 642 2570 7.
658 2530 671 2570 8
687 2528 750 2571 ludis
765 2528 875 2571 Romanis
889 2542 912 2570 eo
928 2541 987 2570 anno

207 2594 259 2651 (567
276 2595 363 2652 a.u.e.)
388 2598 507 2639 ...malus
529 2596 554 2638 iu
577 2596 633 2638 circo
656 2596 772 2639 instabilis
792 2596 923 2651 insignum
938 2596 986 2638 Pel-

207 2663 290 2706 lentiae
309 2664 409 2719 procidit
430 2671 496 2720 atque
519 2663 545 2706 id
565 2664 656 2715 deiecit;
676 2678 702 2706 ea
717 2664 826 2719 religione
841 2664 896 2706 moti
908 2670 987 2719 patres

232 2813 249 2858 1)
263 2818 308 2860 pro:
321 2813 423 2849 instaurati
434 2813 471 2860 arci.
