2051 3214
598 148 626 191 62

221 272 387 327 prospiciebant
403 273 505 326 Romani,
522 289 550 319 ne
566 288 680 320 sacrorum
696 274 790 316 ministri
802 272 900 317 infausto
914 275 1003 319 nomine

220 347 361 392 vocarentur,
386 339 431 383 Cic.
457 342 484 384 de
507 343 553 387 diu.
577 345 586 386 Ι
605 346 657 396 102;
682 343 736 385 Plin.
758 342 788 384 N.
805 342 834 386 H.
855 342 947 385 XXVIII
963 343 1003 396 22;

220 408 282 452 Hist.
306 408 365 464 Aug.
391 407 438 454 Get.
459 410 522 455 1119.
539 412 680 455 Succidanea
696 411 794 465 denique
810 425 866 465 opus
882 418 938 466 erat,
955 424 1004 455 cum

222 478 338 532 pontifices
367 478 445 520 diebus
469 479 532 522 festis
556 482 658 524 viderant
682 480 779 535 opifices,
803 480 929 522 assidentes
952 485 1006 535 opus

221 559 294 596 suurn,
312 559 355 601 qua
371 560 395 587 rc
412 547 506 589 deorum
523 550 678 592 caeremoniae
691 546 890 599 attaminarentur,
905 548 934 590 cf.
943 547 1005 592 Serv.

221 615 250 656 ad
274 613 342 669 Verg.
369 612 446 669 Georg.
463 615 472 657 Ι
487 616 544 669 268;
561 617 621 660 Fest.
638 618 661 660 M
677 618 721 659 224
736 615 755 658 L
771 616 815 658 250
831 616 896 659 nesi
910 616 1021 674 vidisset

220 682 325 724 sacerdos
336 680 462 736 saei'entem
477 690 540 739 opus,
556 699 623 733 sacra
637 686 799 741 polluerentur.

252 751 273 791 d.
298 750 339 792 De
362 751 544 795 iteratione
568 756 604 796 ob
629 753 782 808 prodigia
806 751 895 794 lacta
919 753 1008 795 inter-

222 818 316 860 sa'cra
341 822 534 875 peragenda.

252 887 295 930 Ubi
311 888 486 931 sacrificantibus
502 890 559 933 fiunt
574 891 682 945 prodigia,
697 890 830 932 succidanea
838 890 957 932 mactanda
965 897 1005 945 est,

222 956 251 999 cf.
267 955 330 998 Serv.
347 957 375 998 ad
391 956 475 1013 Vergil.
491 957 546 1000 Aere.
561 958 642 1001 111231
658 971 714 1000 sane
728 957 849 1008 sciendum,
867 956 1005 1000 iterationem

222 1024 281 1066 laur
306 1023 364 1078 fieri
389 1026 512 1068 secuudum
541 1026 612 1068 ritum
635 1039 763 1068 sacrorum:
786 1039 839 1067 nam
863 1024 1006 1080 displicuisse

219 1091 297 1146 primu
320 1105 349 1133 eu
368 1092 484 1148 prodigiis
508 1093 630 1136 iredieatur.
648 1094 737 1137 Iteratio
754 1093 783 1135 ob
799 1094 924 1148 prodigium
940 1092 1004 1144 facta,

222 1173 274 1202 cum
298 1160 413 1203 Gracchus
436 1162 479 1203 ritu
502 1162 604 1214 Etrusco,
629 1163 651 1204 ni
667 1162 737 1215 fallor,
751 1161 892 1213 sacrificaret,
913 1175 926 1202 a
942 1155 1005 1204 Livio

224 1229 319 1270 traditur
335 1228 400 1270 XXV
417 1230 452 1272 16.
470 1232 479 1271 1
498 1236 520 1272 et
536 1245 548 1272 a
564 1230 654 1273 ValerIo
669 1230 769 1273 Mammo
785 1229 794 1270 I
809 1230 829 1272 6.
847 1231 867 1272 8,

252 1386 507 1445 Investigandum‘nunc
521 1391 585 1434 nobis
599 1398 633 1433 est
649 1392 775 1446 quoties
792 1391 945 1433 succidan
956 1405 1004 1433 eae

190 1491 193 1496 Α
222 1459 373 1501 Romanis
395 1458 521 1501 fuerint
544 1460 723 1502 iterandae.

252 1529 367 1571 Romanos
383 1529 479 1589 antiquis
495 1528 634 1582 temporibus
647 1528 754 1571 sacrificia
767 1530 796 1570 ob
810 1528 910 1571 delectus
923 1528 1005 1570 rituum

222 1611 248 1639 ac
264 1596 412 1651 negligentias
428 1596 462 1638 vel
482 1597 599 1638 tricies
619 1598 719 1648 iterasse,
735 1604 813 1639 auctor
829 1605 863 1640 est
876 1596 1005 1639 Plutarchus

224 1663 303 1707 Coriol.
331 1664 381 1707 loco
404 1665 473 1708 modo
496 1664 593 1707 laudato.
617 1665 685 1719 Quod
708 1666 861 1707 testimonium
885 1679 911 1707 eo
935 1665 1005 1719 magis

222 1733 275 1775 mihi
291 1734 405 1786 probatur,
418 1746 462 1787 quo
479 1733 560 1774 certius
577 1740 666 1775 constat
681 1733 799 1788 significari
814 1733 924 1775 Plutarchi
932 1734 1005 1774 verbis

222 1814 286 1843 sacra
309 1801 437 1852 commissa,
461 1801 552 1843 minime
577 1814 628 1843 vero
650 1801 797 1843 divinationes
817 1800 932 1852 infaustas,
949 1814 1007 1855 quae¹

222 1882 268 1911 non
284 1870 313 1910 ad
329 1869 462 1920 Romanam,
479 1870 519 1911 sed
534 1869 563 1910 ad
579 1868 724 1912 Etruscorum
740 1870 852 1922 pertinent
861 1868 1005 1923 disciplinam.

221 1935 266 1978 Alii
281 1947 357 1979 autem
373 1938 494 1991 scriptores
510 1944 597 1979 veteres
613 1950 664 1979 cum
681 1938 709 1979 de
725 1937 863 1980 succidaneis
879 1937 1005 1992 loquuntur,

222 2004 353 2059 plerumque
368 2012 471 2059 spectant
487 2004 721 2048 exticonsultationem
734 2007 883 2060 haruspicum.
896 2005 1005 2058 Exempla

222 2079 301 2115 sunto:
326 2073 375 2116 Liv.
396 2073 479 2115 XXVII
495 2074 530 2115 23.
546 2075 567 2125 4,
583 2073 634 2124 XLI
651 2073 685 2117 15.
702 2075 727 2126 3;
744 2074 806 2117 Suet.
825 2073 886 2117 Caes.
903 2074 943 2124 813
959 2072 1004 2127 Ap-

222 2142 280 2193 pian.
296 2140 324 2182 B.
336 2139 358 2183 C.
367 2140 394 2183 III
411 2142 453 2184 115
467 2148 489 2184 et
499 2142 548 2184 116.
556 2141 667 2184 Nonnulla
683 2156 736 2184 vero
751 2143 880 2185 testimonia
895 2142 1004 2184 incertum

222 2208 356 2262 relinquunt,
377 2215 452 2251 utrum
477 2209 506 2251 de
529 2209 682 2252 Romanorum
706 2210 749 2252 ritu
765 2215 843 2265 agatur
858 2223 886 2252 an
901 2209 1004 2251 Etrusco.

210 2275 259 2341 *Sic
275 2276 345 2318 Plaut.
362 2276 425 2320 Poeu.
441 2277 492 2319 452.

282 2417 335 2445 uam
352 2416 390 2458 ega
406 2402 470 2445 lindie
486 2402 572 2457 iuselia
587 2403 636 2445 deis
651 2403 706 2445 ineis
722 2403 857 2446 iratissimis

282 2485 323 2513 sea
339 2471 456 2513 immolavi
470 2485 547 2525 agnos,
565 2485 602 2513 nec
615 2471 681 2525 potui
696 2478 771 2513 tamen

279 2539 404 2594 propitium
424 2539 529 2582 Venerem
540 2537 625 2592 faeere,
642 2546 669 2581 ut
683 2546 741 2581 esset
755 2538 818 2581 milei.

223 2665 281 2707 Vide
303 2671 325 2707 et
348 2664 501 2719 Symmaehun
525 2665 567 2719 Ep.
590 2664 599 2706 Ι
621 2666 650 2709 49
673 2662 754 2721 (XVIII
772 2665 813 2708 165
829 2664 860 2720 M)
884 2678 926 2707 nec
941 2665 1004 2707 aliter

222 2733 358 2776 scribentem
375 2746 400 2775 ac
417 2734 436 2775 si
451 2734 555 2787 antiquus
571 2733 638 2775 etiam
646 2739 693 2775 tum
703 2733 813 2788 religionis
821 2733 937 2775 Romanae
945 2740 1004 2775 esset

152 2815 154 2820 ·
223 2807 307 2843 status:
331 2796 455 2854 sacrifieiis
478 2800 641 2855 multiplicibus
659 2807 723 2844 et...
746 2807 812 2855 saepe
834 2800 935 2856 repetitis
956 2813 1002 2842 nec·
