2051 3214
568 150 597 191 34

224 273 238 317 f.
255 274 418 316 Piaculum
435 288 463 312 =
479 274 569 317 ultio.

224 343 258 385 De
275 343 316 385 hac
332 343 491 398 signIficatione
508 345 587 386 eadem
603 341 676 386 valent
692 357 717 386 ac
734 344 761 385 de
773 349 858 398 poenae
873 344 971 386 notione.

224 410 261 453 Sil.
276 411 324 453 Ital.
339 411 371 452 IV
386 412 430 453 464
443 417 551 465 paternos
566 418 619 454 ante
633 413 705 454 oculos
721 411 818 465 anirnas,
834 418 911 466 optata
921 410 972 466 pia-

193 481 251 531 cula,
275 486 361 522 mactat
381 479 404 535 (i.
413 494 431 522 e.
454 481 540 522 animos
561 487 651 532 mactat,
672 493 727 535 quas
743 481 765 522 in
780 480 848 534 patris
864 480 972 522 ultionem

193 547 317 590 interficere
338 545 476 604 exoptabat),
497 547 528 589 VI
544 550 588 591 300
604 547 745 603 percepit...
759 553 908 603 praesuinpta
920 547 972 602 pia·

193 617 244 659 cula
267 615 345 658 nrortis
368 614 418 672 (ie.
442 617 490 670 ipse
513 623 609 659 mortem
634 630 697 658 suam
720 615 778 658 ultus
795 624 836 670 est,
852 624 972 670 antequam

193 699 205 727 e
221 685 265 728 vita
281 683 400 739 discessit).

223 766 242 808 g.
258 752 421 795 Piaculum
438 768 466 790 =
482 753 640 807 purgatio.

222 821 342 863 Rarisslme
358 821 407 862 voci
419 820 509 875 piaculi
523 822 554 863 vis
570 822 628 863 inest
641 821 792 876 purgationis.

222 890 304 931 Plinius
320 888 350 931 N.
367 889 397 931 Η.
413 889 505 931 XXVIII
521 888 550 932 70
565 903 665 932 rrccnsurn
677 889 780 944 piacula,
797 904 841 945 quo
855 903 906 932 cum
920 889 970 931 loco

192 970 309 1011 compares
324 957 406 999 XXXII
417 958 464 1016 ¹132
480 963 609 999 rnenstrnas
621 957 777 1012 purgationes.

221 1024 277 1068 Stat.
302 1024 364 1068 Trea.
384 1025 451 1068 1569
467 1039 524 1067 nova
540 1025 621 1067 deinde
633 1024 727 1080 piacula
742 1026 819 1068 caedis
830 1025 970 1082 pcrqccirens.

221 1093 325 1135 Prudent.
354 1093 379 1135 in
408 1093 490 1147 Syrnrn.
514 1094 523 1135 I
547 1093 589 1136 523
612 1099 738 1136 monstrata
757 1093 852 1149 piacula
875 1093 970 1149 quaerit,

192 1162 258 1216 inque
268 1161 341 1215 fidern
360 1161 446 1205 Cleristi
456 1164 522 1216 plano
538 1160 679 1215 transfertur
694 1175 773 1204 cruore.

220 1229 257 1272 Ad
279 1230 362 1285 Vergil.
385 1229 441 1273 Aen.
465 1229 496 1271 IV
511 1230 555 1271 636
578 1236 600 1271 et
610 1230 706 1283 pecudes
721 1233 795 1272 scanni
809 1237 831 1271 ct
845 1236 970 1272 monastrata

188 1297 282 1352 piacula
305 1297 380 1349 ducat,
404 1297 493 1340 Servius
516 1304 609 1340 annotat
626 1298 720 1352 piacula
739 1296 894 1352 purgationes.
915 1297 970 1339 Mire

191 1373 249 1408 errat
271 1366 437 1420 grammaticus.
462 1366 591 1408 Monstrum
610 1366 706 1421 piacula
729 1380 755 1408 ea
779 1374 830 1408 sunt
847 1367 970 1420 dequibus

191 1434 247 1476 dixit
264 1434 335 1487 'pocta
355 1433 386 1475 IV
402 1434 446 1476 486
466 1433 561 1475 numida
577 1436 643 1477 niella
658 1433 849 1489 soporiferumque
860 1440 968 1488 papaver,

191 1515 247 1556 quae
271 1515 316 1544 non
333 1501 475 1556 pnrgarnc'na
495 1503 598 1544 habenda
614 1509 666 1544 sunt
682 1503 722 1544 sed
734 1501 866 1557 placarnina
881 1501 968 1544 inentis.

219 1569 612 1613 h.Piaculum:victima
638 1570 827 1624 piacularis.

220 1637 273 1679 Plin.
292 1637 346 1679 Pan.
364 1638 388 1679 in
407 1637 468 1680 Trai.
484 1639 519 1689 82,
536 1652 557 1692 p.
573 1638 602 1681 76
618 1638 695 1680 Baehr.
712 1652 756 1680 raon
771 1651 834 1680 secus
850 1651 875 1679 ac
888 1637 968 1692 piacu-

190 1707 236 1748 lurn
252 1705 345 1761 aliquod
359 1705 496 1748 tranebatur.
514 1705 635 1760 Compares
651 1707 716 1748 velim
732 1708 745 1748 l.
755 1708 769 1748 l.
786 1707 822 1757 34,
838 1720 858 1759 p.
874 1707 903 1748 30
919 1719 968 1747 curn

190 1775 252 1816 velut
262 1773 407 1828 piaculares.
418 1807 423 1818 .
434 1807 438 1815 .
454 1774 558 1816 oictincac
567 1807 572 1816 .
582 1806 600 1817 ..
618 1776 650 1816 ad
657 1808 660 1816 .
668 1806 685 1817 ..
699 1781 783 1829 poenas
799 1775 938 1816 ducerentur.

218 1842 322 1884 Prudent.
339 1841 417 1885 Perist.
433 1842 454 1884 X
471 1844 527 1884 1047
545 1843 594 1884 tabo
609 1842 703 1885 reiecitis
716 1842 832 1884 scrdidurn
842 1841 937 1895 piaculi.

485 2009 513 2042 14.
542 2015 671 2045 PIACULARIS.

218 2118 247 2160 Ut
267 2118 407 2160 substantivo
420 2117 510 2173 piaculi
524 2119 555 2161 ita
571 2126 592 2160 et
608 2119 717 2161 adiectivo
731 2117 861 2173 piacularis
877 2118 919 2159 alia
936 2119 966 2160 vis
983 2144 984 2148 =

189 2193 222 2228 est
245 2200 296 2228 cum
320 2188 348 2228 de
371 2187 464 2228 deorum
487 2186 617 2239 placamine,
635 2187 676 2228 alia
692 2200 743 2228 cum
760 2187 788 2228 de
803 2186 863 2228 facto
879 2186 966 2240 piaculo

189 2255 263 2310 digno⁷
279 2255 348 2296 immo
364 2261 457 2308 peccato
473 2267 499 2296 ac
515 2254 599 2296 scelere
615 2256 701 2297 dicitur.

183 2346 184 2349 =
217 2337 235 2364 a.
251 2322 433 2364 Piacularis
451 2338 479 2360 Ξ
495 2336 553 2376 quo
575 2324 690 2365 deorum
712 2324 758 2364 ira
778 2322 936 2376 placatur.

218 2389 250 2432 Cf.
274 2390 344 2432 Plaut.
368 2389 434 2444 Epid.
458 2391 500 2432 139
516 2403 565 2432 rnen
578 2390 718 2445 piacularem
735 2389 772 2447 (z
780 2390 875 2432 hostiam
892 2391 965 2443 piacu-

188 2458 266 2514 larem)
282 2465 365 2513 oportet
376 2457 433 2511 fieri
448 2459 472 2499 ob
489 2458 620 2501 stultitiacn‘
630 2461 710 2501 tnacn?

216 2527 280 2569 Varr.
297 2527 324 2568 ae
339 2528 353 2568 l.
363 2528 378 2569 l.
394 2526 424 2567 VI
440 2528 469 2568 30
482 2526 600 2581 piaculari
614 2527 688 2569 nostia
699 2525 774 2581 facta.

216 2595 264 2637 Liv.
280 2594 289 2635 I
305 2595 339 2636 26.
358 2596 385 2636 13
397 2594 556 2649 piacularibus
570 2594 699 2649 sacrificiis,
715 2595 787 2637 XXIX
804 2597 859 2638 19.8
875 2609 964 2637 sacrcnn

184 2662 302 2718 piaculare
314 2661 375 2716 fieri,
392 2663 451 2705 21.4
463 2660 582 2716 piacularc
597 2676 685 2705 sacrurn
697 2661 809 2715 secarunt,
825 2662 898 2704 XXXI
908 2664 965 2704 12.4

183 2730 315 2786 piacularia
331 2728 415 2786 (sacra)
425 2764 428 2771 .
439 2760 459 2772 ..
473 2729 535 2784 fieri,
552 2730 611 2771 XLII
619 2732 639 2774 3.
651 2731 677 2772 10
690 2730 863 2786 piaculariaque
878 2727 965 2786 (sacra)
990 2755 992 2758 -

131 2843 134 2849 ¹
187 2797 269 2851 lurconi
279 2797 368 2851 fierent.
