2051 3214
428 169 470 210 143

54 297 207 340 demonstravi
230 293 267 352 (cl.
284 308 305 348 p.
322 292 351 336 75
367 300 390 335 et
406 292 451 350 76),
476 308 489 336 a
512 294 621 336 Romanis
646 294 747 348 prodigia
770 307 842 349 eaque

55 367 137 417 omnia,
159 363 385 420 quaeprodigiorum
402 362 452 404 loco
468 354 612 413 haberentur,
628 361 768 416 pestilentias
785 364 843 415 dico,

53 434 145 488 famem,
165 433 328 486 intemperiem,
351 431 510 473 inundationes
534 439 609 474 cetera
632 430 716 472 tributa
736 444 787 473 esse
808 432 842 473 dis

55 503 186 557 deabusque
209 503 246 543 ob
275 512 369 542 sacra
393 501 566 542 commissa
590 498 742 542 offensis.
766 498 842 552 Quare

55 571 186 626 gravissima
213 582 287 620 causa,
312 581 351 610 cur
374 568 396 609 in
419 568 567 622 procurandis
592 568 700 622 prodigiis
722 567 842 622 plurimum

54 637 163 680 valuerint
178 637 313 691 haruspices,
330 649 356 677 ea
372 642 412 688 est,
429 637 490 692 quod
506 636 615 679 Etruscae
632 635 764 690 disciplinae
777 637 843 690 periti

55 707 110 749 mira,
118 706 240 761 sagacitate
249 705 349 747 divinare
358 706 514 756 credebantur,
529 719 543 759 q
552 718 588 746 ua
597 718 609 746 e
618 717 632 746 n
641 718 654 746 a
663 717 684 745 m
698 718 712 746 o
721 705 736 745 b
749 719 759 746 s
769 718 781 746 a
790 718 802 746 c
811 718 842 747 ra
917 698 918 701 ¹

48 775 228 826 ¹commissa
250 774 344 816 deorum
370 773 417 815 ira
437 774 613 827 erupisset.
636 771 692 815 Cum
709 773 776 828 igitur
791 787 843 826 pro-

55 844 196 885 curationum
212 856 279 884 causa
295 841 355 883 haud
372 841 465 884 multum
483 841 571 883 differat
586 855 599 883 a
614 853 682 883 causa
694 841 842 894 piaculorum,

55 911 120 954 facile
143 910 271 965 intelligitur
296 922 401 964 magnam
424 910 566 952 intercedere
589 910 648 951 inter
663 910 719 951 ritus
734 918 843 965 utrosque

55 979 229 1022 similitudinem¹
254 977 300 1021 Sed
316 984 339 1019 et
355 978 470 1020 Romanos
486 979 547 1032 ipsos
564 978 689 1032 generatim
705 980 843 1032 procuratio-

55 1050 120 1091 nibus
141 1047 295 1102 prodigiorum
318 1046 362 1088 vim
380 1046 484 1088 tribuisse
499 1046 645 1100 placatoriam
662 1046 725 1088 multi
741 1054 842 1089 veterum

55 1117 99 1158 loci
121 1116 227 1169 indicant,
245 1127 295 1157 cum
312 1114 406 1156 aliorum
422 1121 469 1157 tum
485 1115 605 1173 praecipue
622 1114 689 1165 Livii;
706 1128 764 1169 quae
780 1117 842 1158 testi-

56 1185 133 1228 monia
149 1184 246 1226 breviter
262 1184 455 1226 commemorabo.

86 1253 134 1294 Liv.
158 1251 189 1293 IV
212 1253 233 1295 9.
250 1253 263 1292 3
283 1250 362 1304 sancet
377 1251 473 1294 acardiae
487 1264 587 1306 qnaeqne
602 1251 651 1293 alia
668 1252 692 1293 in
709 1252 775 1294 denne
792 1251 842 1295 icas

56 1323 119 1363 velat
139 1319 221 1362 aeterna
240 1318 381 1373 pndle'carnnc
397 1321 507 1362 nealcenne
524 1325 621 1370 vertant,
637 1319 669 1360 IV
684 1320 721 1362 25.
737 1322 750 1362 3
767 1322 840 1364 rnnlta

55 1387 176 1431 deeencvc‘ee'
198 1401 226 1429 eac
247 1387 313 1429 liceis
330 1388 459 1441 placandae
475 1388 540 1429 denne
557 1387 606 1429 irae
619 1388 841 1443 avertendaeque...

52 1457 126 1512 pestes
146 1469 218 1497 cansa
234 1454 315 1508 fecere,
332 1455 363 1496 IV
379 1457 414 1497 30.
434 1458 461 1498 10
477 1454 570 1497 casalc'ta
583 1455 679 1509 pc'acala
691 1456 759 1510 pacis
774 1458 841 1500 denen

46 1524 213 1582 exposcendae,
231 1523 252 1564 V
270 1525 304 1565 13.
320 1524 334 1566 6
350 1524 416 1565 deas.
427 1556 430 1564 .
442 1555 447 1565 .
456 1525 614 1578 placaverant,
625 1523 647 1564 V
657 1525 691 1566 14.
700 1524 759 1566 4c‘ra
767 1525 840 1578 denen,

54 1607 108 1648 anas
120 1591 194 1647 pestis
209 1590 258 1633 ec'ns
274 1591 384 1633 arcendae
399 1605 471 1633 cansa
480 1592 676 1646 placandasesse.
687 1592 839 1645 ..armentera

54 1660 76 1701 V
93 1660 127 1702 17.
146 1662 156 1701 1
174 1657 264 1715 (autern)
281 1659 398 1701 addidere.
409 1693 427 1700 ..
445 1660 478 1702 ad
489 1659 593 1714 peaacgrd
604 1658 691 1702 Albane
699 1661 840 1715 peccarate'a·
893 1700 895 1703 .

55 1742 104 1771 nean
129 1741 154 1769 ae
178 1727 230 1769 deas
251 1726 296 1769 nec
315 1727 442 1781 placandas
464 1734 556 1782 caepere,
574 1727 614 1769 VII
629 1728 649 1769 2.
666 1729 680 1769 2
692 1728 759 1782 pacis
773 1729 839 1771 denen

55 1796 206 1851 exposcendae
215 1828 220 1837 .
230 1826 249 1838 ,.
265 1795 369 1837 caelestis
383 1795 433 1837 c'eae
445 1795 585 1850 placamina,
603 1795 643 1837 VII
656 1797 676 1838 3.
690 1797 703 1837 2
718 1796 840 1851 disasper-

21 1895 22 1898 η
56 1864 166 1907 nantc'das
185 1863 319 1918 placann'na
335 1863 389 1913 irae,
407 1863 456 1905 VIII
471 1864 493 1906 6.
511 1867 536 1906 11
551 1863 642 1918 placent
654 1865 841 1907 averruncandae

55 1932 120 1975 decan
137 1931 187 1973 irae
202 1931 307 1973 verendas
322 1931 393 1982 caede,
410 1932 471 1973 XXII
486 1933 508 1975 2.
526 1934 536 1974 1
554 1932 608 1985 dane
625 1933 704 1974 consae
715 1933 841 1986 placandis

55 2000 106 2042 dc's.
117 2033 136 2041 ..
161 2000 203 2041 dat
224 2005 319 2054 operata,
335 1999 397 2040 XXII
412 1998 448 2041 57.
465 1998 523 2042 5-7
540 2000 635 2055 pnibns.
646 2031 665 2041 ..
683 1998 735 2049 dees
747 2006 842 2054 possent

52 2069 189 2123 placare...
203 2066 305 2121 placatis
320 2067 386 2118 satis,
404 2067 487 2109 XXVII
503 2067 539 2110 37.
556 2068 569 2110 8
586 2068 642 2110 dana
656 2068 733 2110 dc'vane
744 2070 840 2123 placan-

55 2136 108 2178 danc
132 2149 185 2186 esse,
210 2135 294 2177 XXVII
317 2136 352 2177 38.
379 2137 389 2176 1
413 2135 462 2177 deis
481 2135 526 2177 nn
538 2136 647 2190 placatis,
662 2136 758 2178 XXXVI
773 2137 840 2180 37.6

51 2203 152 2257 placatis
167 2203 228 2245 dc'c's.
239 2237 242 2244 .
253 2235 258 2246 .
271 2202 388 2258 peadc'gc'c's
403 2203 539 2258 enpe'andc's;
554 2204 596 2246 XL
613 2203 648 2245 37.
662 2205 676 2246 2
686 2203 782 2258 piacula
792 2205 841 2248 irae

55 2271 127 2313 denen,
144 2271 236 2313 Tacitus
253 2270 311 2312 Ann.
328 2270 372 2312 XV
387 2272 423 2312 44.
440 2272 491 2313 2de
500 2271 607 2326 prodigiis
616 2273 763 2325 procurandis
771 2286 840 2328 agens

55 2347 149 2393 utraque
160 2339 251 2394 pe'aenlc'
268 2346 290 2381 et
307 2339 449 2394 placamente'
469 2354 524 2382 voce
540 2340 668 2393 promiscue
683 2341 759 2383 utitur,
776 2340 840 2394 Quae
895 2375 896 2379 ,

55 2409 130 2449 omnia
147 2409 235 2463 egregie
251 2409 385 2449 confirmant
400 2422 433 2459 ea,
451 2422 508 2463 quae
523 2409 546 2450 in
562 2410 627 2450 huius
636 2409 795 2463 disputationis
804 2422 840 2451 ca-

54 2477 100 2529 pite
115 2476 188 2529 primo
204 2474 324 2528 explicavi:
343 2476 435 2517 vocibus
449 2475 536 2530 pc'andc'
546 2475 638 2531 pc'acnlc'
642 2476 779 2531 piacularis,
789 2490 840 2518 cum

55 2543 205 2599 de'prodIgiis
221 2544 293 2598 agitur
308 2545 461 2597 procurandis,
479 2544 522 2586 vim
536 2545 610 2586 inesse
619 2544 839 2600 magnificationem

52 2611 170 2666 placandi,
196 2610 342 2665 placann'ne's,
369 2611 505 2665 placaeeec'c'3
538 2597 605 2666 atque
628 2612 766 2655 locutionem
790 2626 839 2654 eam

55 2679 148 2733 capiare
165 2678 274 2733 prodigia
294 2680 354 2721 idem
372 2679 444 2722 valere
460 2693 486 2721 ac
499 2682 594 2734 placare
609 2680 669 2722 e'rane
685 2681 776 2722 decenne
789 2687 840 2734 pra-

55 2746 127 2800 dc'gc'e's
142 2746 307 2801 segnificatanc.

85 2814 130 2856 Sed
154 2828 290 2869 quamquam
307 2815 399 2869 piaculis
415 2822 437 2858 et
453 2816 647 2870 procuratIonibus
663 2818 790 2859 communis
807 2824 841 2859 est
903 2811 905 2817 ’
