2051 3214
566 115 601 157 -56

196 240 301 284 Petillius
315 240 405 282 iueuute
420 243 508 283 soeculo
524 255 539 282 u
555 240 605 283 cue.
619 256 640 284 u.
654 241 749 284 secuudo
765 255 776 283 e
791 240 977 284 suceiduieeuruue

196 308 256 351 eutis
271 308 410 364 deprompsit
423 309 491 363 sigua
506 307 564 366 (Liu.
573 310 633 353 XLI
645 308 689 367 15).
702 309 916 365 Ciceroui'uuopeiio
925 324 977 353 uene

196 378 345 420 suceiduieeue
358 376 445 419 hostiae
452 377 498 419 viui
507 392 522 419 u
527 378 649 432 puiiuitivu
654 380 725 434 plaut
733 377 831 420 ulieuueu
841 384 977 433 acceperuut.

196 447 243 489 Hei
259 445 412 488 concludimus
427 459 455 486 eu
471 459 499 496 ee,
516 447 576 501 quod
592 445 665 489 Cicero
682 444 717 502 (de
733 446 779 488 div.
789 445 816 487 II
823 443 862 503 38)
879 446 978 489 urieutur

194 514 379 560 ‘iueoustuutiuiu
396 514 492 564 deorum,
507 528 552 569 quu
563 515 649 570 priuis
665 515 779 559 minentur
794 513 860 566 eutis,
870 515 977 570 beuepuo-

197 586 292 628 mittuut
306 582 427 625 secundis'.
448 581 510 624 Uude
525 584 595 624 elucet
610 583 648 626 illo
664 596 716 625 nevo
722 588 813 637 praeter
819 583 977 626 sueciduueuue

194 653 292 708 ,tiioeeue
308 665 391 707 quoque
406 650 502 693 hostiuiu
519 651 564 693 viru
580 652 696 706 quuuduiu
711 651 839 704 retinuisse,
856 666 905 694 euru
918 653 989 707 euti·¹

196 719 315 777 quissiueis
343 718 483 774 temptandus,
513 718 553 760 ubi
574 721 675 774 piiuiuue
698 720 833 762 suceiduueu
856 707 988 763 iuuetuudu

198 795 253 839 eunt,
273 788 351 843 priiua
372 786 452 837 testie,
469 786 524 842 quio
541 801 584 829 ueu
601 794 690 843 acceptu
699 787 784 841 fueret
798 789 831 830 ed
845 789 977 843 sucrificiu-

197 857 257 908 dum,
275 856 364 898 eiiiuiue
377 853 438 898 uileil
448 855 565 900 valuisset.
581 856 627 898 Hoc
643 862 717 898 uuteiu
730 856 851 911 posteriore
866 871 918 900 aeon
934 857 979 900 sibi

195 925 318 979 fiugebuut
332 923 456 966 iiiuiOiibus
473 923 553 965 hostiis
564 930 606 979 pio
614 924 756 966 sueeiduueis
764 924 980 984 iruuiolutispiiuiue

197 993 284 1036 hostiue
299 992 374 1035 oueiuu
390 991 457 1047 quusi
472 992 603 1046 supeiuuda
620 998 642 1034 et
654 993 744 1034 deoeuiu
760 993 848 1035 uuiuos
855 993 979 1047 fleeteudos

198 1075 245 1104 esse
261 1059 360 1118 (Miller,
378 1059 490 1103 Eeeustee
504 1056 543 1101 ffl
556 1066 579 1114 p.
597 1056 641 1101 186
655 1058 704 1116 sp).
718 1061 886 1104 Reseuuubutur
904 1069 977 1104 uuteui

195 1130 275 1185 prisce
287 1129 392 1183 fouuulu
405 1129 483 1183 ‘usque
498 1128 530 1169 ud
545 1128 670 1170 titutioueue
686 1128 835 1183 sociifleuie',
852 1131 892 1172 sed
906 1137 978 1173 iuutu-

199 1199 267 1240 butue
289 1211 375 1248 seusus,
400 1210 449 1239 euru
474 1196 523 1239 illis
539 1195 672 1251 teiupeuibus
688 1197 740 1239 liuee
751 1197 804 1251 fere
817 1193 978 1241 subaudiieut:

196 1267 272 1308 ‘douee
288 1265 325 1307 dei
340 1264 415 1307 auctis
430 1266 512 1308 hostiis
526 1266 630 1321 superati
645 1267 701 1308 boue
716 1265 811 1308 iuittuut
824 1266 920 1323 siguu’J’

227 1334 277 1388 Ipsa
293 1334 332 1375 viri
348 1334 472 1376 doctissimi
487 1335 554 1377 verba
570 1347 704 1390 quamquam
717 1333 783 1388 paulo
795 1334 895 1390 longiora
907 1337 977 1389 posui,

199 1404 251 1458 quia
273 1402 325 1443 licet
348 1416 377 1444 ex
401 1402 470 1445 altera
491 1410 554 1457 parte
578 1404 622 1445 sint
636 1402 758 1456 verissima,
775 1416 803 1444 ex
819 1403 888 1445 altera
903 1410 978 1445 tamen

199 1470 269 1513 multa
297 1469 420 1522 continent,
451 1484 508 1525 quae
532 1472 593 1526 origo
617 1485 666 1513 esse
688 1471 774 1524 possint
796 1470 865 1513 falsae
887 1472 978 1514 omnino

199 1538 315 1593 opinionis.
337 1539 385 1580 Iure
401 1538 492 1581 Blecher
507 1563 537 1570 —
552 1540 634 1582 etenim
650 1546 698 1582 toto
714 1539 776 1581 coelo
792 1540 875 1582 distant
889 1563 919 1569 —-
934 1540 978 1582 Ro·

199 1620 317 1650 manorum
346 1607 455 1661 extispicii
483 1614 506 1650 et
529 1607 674 1650 Etruscorum
698 1608 816 1650 discrimen
839 1607 898 1650 facit.
921 1605 977 1650 Nam

199 1678 259 1732 quod
273 1676 301 1718 ad
318 1676 420 1718 modum:
437 1676 533 1718 Romani
545 1677 664 1729 inspiciunt
677 1682 729 1718 exta
741 1676 889 1728 adhaerentia,
903 1676 978 1718 avulsa

199 1760 211 1787 a
228 1757 321 1798 corpore
338 1743 425 1786 Etrusci
431 1757 436 1796 3
450 1745 510 1799 quod
526 1744 554 1787 ad
570 1757 629 1786 rem:
645 1744 742 1787 Romani
757 1745 787 1786 ob
802 1745 824 1786 id
840 1744 912 1787 solum
926 1751 978 1787 exta

198 1813 324 1868 inspiciunt,
342 1820 366 1855 ut
381 1814 471 1856 videant
486 1813 560 1855 sintne
576 1826 630 1855 sana
644 1826 722 1867 necne,
736 1812 824 1855 Etrusci
839 1812 978 1855 difficillimae

199 1882 315 1924 cuiusdam
337 1881 465 1936 disciplinae
481 1882 662 1935 obtemperantes
677 1881 769 1936 legibus,
786 1887 838 1923 exta
853 1882 977 1935 inspiciunt,

199 1956 224 1991 ut
247 1956 294 1991 tum
318 1963 347 1991 ex
369 1950 413 1992 situ
428 1956 476 1992 tum
492 1963 521 1991 ex
537 1948 583 1991 aliis
599 1950 666 2005 signis
683 1950 741 1991 bona
758 1949 856 1991 divinent
871 1957 893 1992 et
909 1948 977 2002 mala3

199 2017 246 2059 aliis
269 2018 353 2059 verbis:
378 2017 519 2072 extispicium
537 2018 639 2060 Romano
655 2018 698 2060 ritu
713 2018 863 2070 extiprobatio
879 2024 919 2069 est,
936 2018 978 2059 ritu

200 2086 295 2129 Etrusco
316 2086 497 2129 exticonsultatio
514 2086 653 2128 divinatione.
669 2086 731 2128 Haec
746 2087 836 2141 quidem
852 2086 884 2128 vir
899 2087 978 2128 doctus

199 2155 320 2206 verissime,
344 2168 421 2197 verum
444 2156 472 2197 de
494 2154 563 2197 altera
586 2155 722 2209 quaestione,
745 2155 798 2209 quid
818 2155 861 2196 ritu
876 2154 978 2196 Romano

200 2224 228 2266 sit
240 2223 359 2277 probatio,
376 2223 428 2277 quid
444 2222 521 2274 litatio,
537 2235 627 2276 prorsus
643 2223 671 2265 ab
687 2237 714 2265 co
730 2223 844 2265 dissentio.
859 2221 890 2264 Ut
902 2222 979 2275 paucis

200 2291 342 2351 complectar,
358 2291 456 2334 Blecheri
472 2292 583 2334 sententia
597 2292 652 2334 haec
667 2298 712 2334 est:
726 2292 880 2346 probationem
893 2290 978 2334 hostiae

200 2360 323 2411 exterioris,
340 2373 397 2414 quae
412 2360 437 2402 fit
447 2367 499 2403 ante
508 2359 690 2411 immolationem,
701 2367 723 2402 et
730 2360 884 2414 probationem
893 2359 979 2401 hostiae

199 2428 311 2470 interioris
328 2428 374 2470 sive
390 2435 500 2481 extorum,
518 2442 574 2482 quae
590 2430 614 2471 fit
630 2436 680 2482 post
695 2428 878 2478 immolationem,
894 2441 918 2469 re
933 2441 978 2469 non
1021 2478 1024 2486 ,

200 2496 296 2547 differre,
320 2498 362 2539 nisi
381 2498 424 2540 hoc
444 2496 517 2540 solum
533 2498 593 2552 quod
608 2497 662 2539 haec
677 2499 763 2540 interna
779 2497 807 2539 sit
822 2495 858 2538 illa
874 2503 977 2547 externa;

200 2567 295 2607 hostiam
319 2573 393 2608 autem
413 2579 458 2609 non
473 2565 537 2608 litare
553 2566 594 2607 nisi
609 2567 696 2619 utrique
712 2566 838 2619 probationi
854 2564 977 2617 suffecerim

199 2634 322 2676 litationem
338 2635 404 2689 igitur
419 2634 505 2676 hostiae
521 2633 551 2675 nil
564 2633 622 2676 aliud
636 2648 685 2676 esse
699 2634 740 2675 nisi
752 2633 922 2687 ueeeptutieueui
931 2632 978 2673 uos-

197 2702 248 2750 ,tiee
270 2703 303 2744 ud
316 2701 508 2756 sacrificandum
525 2701 630 2745 alterutra
646 2709 720 2745 autem
736 2701 839 2755 probatio
855 2713 905 2742 cum
921 2699 978 2741 male

202 2772 334 2813 successerit
355 2785 398 2814 uou
415 2771 493 2813 adesse
508 2769 633 2814 litatioueiu
649 2771 694 2812 slve
710 2769 806 2814 testium
818 2769 918 2825 piiiuuru
935 2782 978 2812 unu
