2051 3214
540 162 581 203 148

197 286 293 329 Fiebant
309 293 384 330 autem
400 286 540 329 somniorum
556 287 724 341 procurationes
736 293 773 330 aut
781 287 827 330 Iovi
835 287 953 343 prodigiali

168 353 206 412 (ci.
230 355 301 398 Plaut.
325 357 340 398 l.
356 353 388 412 t),
413 362 451 398 aut
474 355 577 398 manibus
602 357 648 398 eius
672 356 709 410 qui
725 356 813 398 somnio
830 356 889 397 visus
905 365 953 400 erat

168 421 206 481 (ci.
228 424 290 467 Suet.
314 425 328 466 l.
346 422 377 480 L),
392 430 431 466 aut
446 424 567 466 Penatibus
584 422 621 481 (cf.
637 423 719 479 Vergil.
738 423 793 466 Aea.
809 423 831 465 V
846 424 897 476 744,
916 426 954 467 ubi

169 492 302 561 sacrificium
319 491 344 535 fit
359 492 412 534 Lari
428 498 450 534 et
466 490 559 549 Vestae)
571 489 594 546 ¹).

498 665 623 695 CONCLUSIO.

198 760 310 815 Exposita
339 763 384 804 iarn
407 769 487 805 natura
511 767 579 815 atque
602 762 688 817 origine
717 761 954 805 lustrationum

170 831 439 883 procurationum
461 829 673 883 piaculorum,
695 828 813 871 enucleato
829 829 881 884 quid
897 830 955 872 inter

169 910 196 939 ea
210 898 335 941 intercedat
351 898 492 949 discriminis,
509 898 569 951 ipsas
585 898 664 940 horum
681 897 763 939 rituum
779 909 873 939 essen
883 899 954 951 tias,

169 979 215 1008 non
239 966 312 1009 solum
328 966 405 1021 quales
421 967 449 1008 ab
466 960 528 1008 initio
545 965 634 1017 fuerint,
651 967 691 1007 sed
707 965 775 1007 etiarn
791 964 867 1021 quales
882 965 955 1009 iactae

171 1036 215 1077 sint
230 1034 357 1077 labentibus
373 1033 476 1085 saeculis,
500 1033 555 1075 dei
561 1034 645 1076 inire
668 1033 801 1076 iuvabit.

200 1161 365 1204 Piaculum
389 1168 423 1203 est
447 1174 544 1214 sacrum,
565 1175 610 1216 quo
632 1161 729 1203 Romani
745 1162 774 1203 ob
790 1160 886 1215 aliquam
902 1162 954 1204 iuris

171 1231 238 1273 divini
255 1230 376 1272 laesionem
394 1229 427 1271 vel
443 1230 524 1272 rituum
542 1229 712 1284 neglegentiam,
729 1231 813 1283 absque
829 1229 881 1271 dolo
897 1229 956 1272 malo

172 1300 218 1341 sive
242 1298 369 1341 faciendam
394 1299 439 1340 sive
463 1298 546 1340 iactam
570 1305 593 1340 et
609 1297 795 1350 animadversam,
812 1298 896 1340 divinas
912 1299 956 1340 iras

172 1367 354 1418 extimescentes,
386 1367 442 1408 iram
473 1368 567 1408 deorum
597 1365 685 1419 placant
716 1367 909 1421 deprecamurque
933 1374 955 1409 et

170 1447 249 1488 pacem
266 1447 344 1476 eorum
361 1433 513 1488 expostulant.
892 1426 894 1428 V

201 1562 375 1605 Lustratio
404 1562 598 1616 purgatoria
622 1567 656 1603 est
678 1561 801 1614 purificatio
826 1575 838 1602 a
863 1561 955 1604 maculis

171 1631 326 1680 exterioribus,
348 1630 481 1684 plerumque
496 1630 673 1683 purificationem
689 1636 727 1671 aut
743 1629 837 1684 legalem
854 1637 893 1672 aut
908 1644 955 1672 mo-

171 1698 239 1739 ralem
263 1699 376 1741 internam
400 1698 534 1753 significans,
559 1698 694 1751 perficienda
714 1704 775 1740 tactu
791 1698 904 1750 materiae,
921 1699 956 1740 eui
1023 1737 1026 1750 ,-

170 1766 229 1808 inest
244 1766 277 1807 vis
292 1767 421 1821 purgatoria
437 1773 475 1808 aut
491 1766 555 1807 realis
571 1774 610 1808 aut
626 1765 718 1820 magica.

203 1892 378 1936 Lustratio
400 1906 622 1935 averruncans
643 1893 784 1934 caeremonia
799 1899 839 1943 est,
857 1906 900 1947 qua
916 1893 956 1935 cir-

172 1961 270 2003 cuitione
294 1960 424 2004 naturaliter
447 1961 535 2015 magica
558 1961 660 2002 homines
684 1967 707 2002 et
730 1974 765 2002 res
789 1976 802 2002 a
826 1961 889 2002 malis
905 1974 955 2002 cum

172 2030 272 2071 externis
297 2043 347 2071 curn
371 2029 465 2071 internis
489 2029 611 2071 liberantur
635 2035 657 2070 et
681 2043 693 2070 a
717 2028 809 2070 maculis
832 2036 956 2083 purgantur

172 2097 255 2138 auxilio
280 2099 381 2147 deorum,
407 2110 502 2151 quorum
525 2110 571 2149 pax
587 2096 690 2138 -haud
713 2110 763 2138 raro
779 2096 858 2138 hostiis
874 2120 902 2125 —
918 2110 956 2137 ex-

171 2166 271 2217 poscitur
288 2172 309 2207 et
327 2165 399 2208 venia.
613 2176 615 2179 ’

202 2285 399 2334 Procuratio
423 2292 648 2346 prodigiorum
673 2298 707 2333 est
731 2304 827 2346 sacrum,
851 2306 895 2347 quo
911 2293 955 2334 Ro-

173 2361 233 2401 mani
258 2360 408 2413 deprecantur
432 2360 487 2400 iram
511 2360 611 2411 deorum,
635 2360 666 2401 ob
689 2359 742 2401 iuris
762 2360 829 2402 divini
845 2360 956 2402 laesiones

172 2428 299 2481 rituumque
315 2428 367 2469 vitia
381 2440 420 2481 per
435 2427 537 2482 prodigia
551 2427 724 2479 manifestatam,
741 2441 864 2482 pacemque
880 2442 957 2471 eorum

174 2503 195 2538 et
212 2496 300 2537 veniam
317 2496 381 2537 variis
398 2496 477 2537 ritibus
494 2495 645 2548 expostulant.

197 2702 214 2748 1)
227 2704 277 2739 Vide
296 2703 354 2738 etiam
367 2702 444 2740 Petron.
458 2702 496 2737 Sar.
510 2706 557 2743 1043
570 2703 622 2738 Fest.
636 2703 654 2737 M
668 2705 702 2738 213
715 2703 731 2737 L
744 2706 789 2746 232;
803 2707 822 2738 et
835 2713 884 2748 quae
899 2708 955 2739 antea

173 2759 257 2794 diximus
275 2770 293 2803 p.
308 2762 330 2793 14
343 2769 378 2803 sq..
398 2759 428 2794 De
448 2759 562 2794 lustratione
581 2762 626 2803 post
645 2759 741 2794 somnium
760 2758 846 2794 habiturn
860 2757 884 2793 cf.
898 2758 955 2793 Ouid.

173 2814 212 2849 Ars
224 2814 266 2850 Ana
280 2814 296 2849 il
309 2817 349 2851 329.
