2051 3214
531 118 560 159 24

153 241 209 285 lium
224 241 391 298 fulgurumque
410 242 564 298 susceptiones,
583 244 634 286 item
645 243 756 298 suneenm
773 250 839 299 atque
854 244 934 299 enpia-

154 311 246 353 tionum.

183 378 244 422 Serv.
267 380 295 421 ad
318 377 401 434 Vergil.
425 377 480 421 Aen.
497 378 527 421 VI
542 381 586 423 569
598 380 691 436 piacula
707 380 831 433 commissa,
844 386 936 436 propter

153 460 210 502 qnae
225 447 324 502 expiatio
340 448 377 500 (sc.
395 447 495 500 deorum]
510 448 607 491 debetne.
802 454 804 456 ’
820 469 822 472 ·

183 515 286 559 Laetam.
309 515 338 557 ad
361 514 417 558 Stat.
442 514 504 557 Tmo
521 516 552 558 IV
567 517 612 560 459
627 518 674 559 loea
686 523 729 572 peu
743 531 800 572 qnae
811 516 934 572 piationem
988 510 989 513 ¹

156 583 259 629 facimus.

183 651 288 705 Porphyr.
306 653 334 693 ad
350 651 403 693 Hor,
420 650 493 705 Epist*
511 651 520 692 1
537 654 556 695 1.
573 653 602 694 36
618 652 786 707 expiationibus
801 653 935 708 quibusdam

154 719 237 763 sanam
247 725 313 774 posse
329 712 379 775 (ise.
396 720 530 762 carminibus
545 719 686 778 placatoriis).

184 787 269 830 Arnob.
290 788 342 830 adn.
359 794 406 830 nat.
422 787 444 829 V
459 789 472 829 3
489 794 594 830 numum
609 788 681 843 eapite
696 789 807 832 venaieino
823 803 853 832 an
868 790 936 832 suillo

155 871 185 898 an
206 856 286 898 bubulo
307 870 337 898 an
352 855 449 911 qualibet
463 855 509 898 alio
525 856 674 911 eapintionem
691 856 759 899 istam
774 857 857 900 sciscat
870 857 935 899 Dies·

152 924 213 980 pitee
224 923 358 979 peepeleaei.

185 992 258 1034 Antea
285 993 377 1046 probavi
402 992 538 1034 locutionem
558 992 630 1047 piore,
656 992 748 1048 eupiaee
767 993 874 1048 prodigio
897 1000 935 1035 aet.

154 1062 214 1103 idem
230 1059 303 1102 valere
318 1073 344 1101 ac
356 1062 449 1114 placen
465 1061 523 1102 inani
540 1060 935 1115 deoeunprodigu'lsmanffestotan.

155 1129 265 1184 Sequitur,
290 1134 314 1170 ut
338 1128 437 1183 eupialio
458 1129 613 1183 peoai'gi'omn
634 1130 693 1170 idem
710 1129 782 1171 valeat
797 1142 823 1171 ac
836 1130 936 1184 placatio

155 1198 252 1248 dearum,
269 1197 309 1253 qni
320 1195 435 1251 prodigus
450 1196 508 1238 ieaen
525 1196 716 1251 significaverunt
729 1196 861 1239 homiuibus.

185 1265 230 1308 Cic.
247 1266 275 1307 de
290 1266 331 1319 leg.
347 1264 365 1305 11
381 1265 410 1306 34
426 1264 453 1306 cle
469 1264 636 1319 expiationibus
651 1272 673 1307 et
683 1265 885 1320 procurationibus*

184 1334 225 1389 Jul.
242 1334 297 1376 Obs.
313 1334 343 1374 44
357 1333 422 1374 euius
438 1330 559 1388 (prodigii)
576 1332 731 1387 expiationem.

184 1404 206 1446 b.
230 1400 386 1455 Expiatio
403 1419 430 1435 =
447 1401 538 1443 ultio.
591 1401 592 1404 ’

185 1469 220 1512 Cf.
244 1459 333 1523 Quinct.
357 1469 419 1513 Deel.
436 1468 537 1512 CCLXV
554 1472 563 1512 1
580 1470 604 1511 in
620 1469 725 1512 ultionem
741 1471 831 1512 deornm
848 1470 935 1512 immor·

156 1539 237 1580 talium
260 1545 282 1579 et
305 1538 386 1593 templi,
412 1544 437 1579 ut
453 1537 545 1592 proprie
560 1537 664 1588 dixerim,
681 1538 831 1593 expiationem
847 1535 868 1594 (i.
878 1552 897 1579 e.
913 1539 935 1579 in

155 1607 263 1650 ultionem
278 1606 332 1649 laesi
347 1604 440 1660 templi)

185 1688 203 1717 c.
226 1674 382 1728 Expiatio
399 1694 426 1709 =
443 1674 610 1718 lustratio,

185 1741 219 1785 Cf.
236 1742 284 1786 Liv.
300 1742 322 1783 V
338 1742 372 1785 50.
389 1744 402 1784 2
419 1740 542 1800 expiatio(
560 1741 669 1799 anorum).

185 1811 246 1854 Serv.
263 1812 291 1853 ad
307 1810 389 1866 Vergil.
404 1810 459 1852 Aen.
476 1810 484 1851 Ι
500 1812 539 1852 321
552 1811 617 1852 ulad
624 1812 744 1852 tumultum
753 1810 937 1866 virginespopuli

155 1879 298 1922 convenient
319 1885 341 1921 et
359 1884 451 1933 peoptee
473 1878 622 1933 expiationem
643 1885 685 1933 pee
705 1877 826 1933 imaginem
844 1884 936 1933 pugnae

155 1953 315 1989 concurrerent.

185 2015 288 2057 Laetant.
304 2016 333 2057 ad
349 2014 405 2058 Stat.
425 2014 486 2056 Tleel.
503 2014 533 2056 XI
548 2015 591 2056 285
608 2014 706 2069 expiatio
720 2014 778 2056 enim
789 2013 872 2067 suerat
882 2014 935 2056 eivi-

156 2083 212 2125 tatis
228 2097 287 2125 neoes
302 2082 406 2125 Menaeni.

316 2241 343 2275 10.
366 2247 451 2284 PIAMEN,
468 2246 598 2284 PIAMENTUM,
616 2246 776 2275 EXPIAMENTUM.

185 2360 301 2403 vocabula
323 2361 378 2403 haec
401 2367 448 2402 tum
469 2361 587 2414 placamen
608 2367 655 2402 tum
668 2366 795 2414 purgamen
811 2359 890 2410 valent,
907 2360 934 2402 cf.

156 2429 215 2471 Fest.
239 2429 261 2470 M
278 2429 321 2471 213
344 2429 364 2470 L
380 2430 424 2470 234
443 2427 566 2483 piamenta,
591 2428 671 2483 qeeibus
687 2427 761 2469 utitur
776 2428 800 2469 in
816 2427 934 2482 expiando,

157 2497 201 2540 alii
213 2503 374 2551 purgamenta.

186 2579 206 2607 a.
230 2565 361 2616 Piamen,
385 2566 580 2619 piamentum
597 2563 814 2617 :placameo
836 2564 935 2618 placa-

157 2639 303 2675 mentum.

186 2700 219 2743 Cf.
238 2701 302 2743 Ovid.
318 2701 381 2743 Fast.
396 2701 424 2742 ΙΙΙ
437 2702 480 2743 333
495 2701 525 2742 da
541 2706 600 2743 ceula
612 2699 761 2754 piamina...
772 2698 890 2753 fulminis.

187 2768 265 2812 Senec.
289 2768 352 2812 Cous.
368 2770 400 2811 ael
415 2768 479 2812 Heln,
498 2769 530 2811 16.
547 2769 561 2812 6
576 2768 689 2811 doliturae
703 2768 781 2810 donus
793 2768 934 2822 piamentum
