2051 3214
537 118 564 159 88

158 244 288 299 expiandis,
313 258 370 299 qnae
385 244 463 286 Locris
479 243 504 286 in
521 245 599 299 teniplo
616 243 763 299 Proserpinae
780 249 840 286 tacta
856 258 882 286 ae
898 245 943 287 vio·

158 313 209 355 lata
232 314 335 368 elataqne
355 311 409 354 inde
424 319 504 354 essent.
521 312 641 354 Pleminius
657 319 732 354 aurem
749 312 834 366 ipsein
851 319 943 355 catenas

158 381 273 424 coniectus
299 387 345 433 est;
367 386 460 435 praecor
482 394 534 422 vero
555 380 668 436 legatique
682 380 763 423 Lacees
775 379 880 434 prefecti,
893 376 943 435 pei·

159 464 226 503 enain,
255 448 325 492 sienei
353 449 488 490 inandatani
513 455 568 500 enat,
592 448 711 503 religionis
733 461 811 491 ennaea
834 449 943 492 liabneee:

159 531 243 560 ernincia
260 517 319 560 enini
335 530 425 559 saceain
437 515 559 571 pecaniam
569 548 574 559 .
585 550 604 558 ..
622 517 646 559 in
661 515 945 572 eliensaneisneposneennt

159 600 185 628 ac
204 586 325 640 piaculare
340 598 429 627 saeenin
440 583 553 637 fecerant,
571 592 629 628 teste
646 587 726 628 eodem
742 585 850 639 scriptore
867 587 940 629 XXIX

161 655 198 699 21.
214 655 281 696 2-4.

188 723 255 766 Anno
279 738 298 765 a.
315 737 336 765 u.
354 736 372 765 cv
397 723 441 765 554
463 723 524 765 idem
545 722 691 776 Proserpinae
711 722 820 777 templum
836 724 942 766 violatum

158 805 209 835 esse
231 793 291 834 idem
315 791 391 834 Livius
415 797 492 833 auctor
513 797 547 832 est
570 790 643 832 XXXI
665 792 699 833 12,
721 791 862 846 Quamquam
878 793 942 835 initio

158 859 218 902 nulla
241 859 334 914 vestigia
357 873 442 909 eorum,
467 860 495 900 ad
518 871 575 912 quos
599 858 686 901 facinus
701 860 834 913 pertinebat,
851 860 942 903 inventa

158 934 217 979 sunt,
239 925 404 984 (comprehensi
427 940 480 969 vero
505 933 557 968 sunt
581 927 643 969 noxii
666 941 712 970 non
729 927 806 970 ¹multo
829 935 887 982 post,
912 928 941 972 cl.

158 996 232 1039 XXXI
254 999 287 1039 13.
307 994 328 1053 1)
351 1003 427 1038 tamen
451 994 475 1038 C.
499 994 603 1037 Aurelius
628 995 706 1038 consul
727 997 756 1038 ad
776 1003 903 1058 praetorem
919 987 941 1039 in

159 1066 257 1110 Bruttios
273 1066 361 1119 scripsit
376 1064 464 1118 placere
480 1064 578 1106 senatui:
595 1077 653 1118 qnae
668 1064 761 1106 inventa
774 1065 872 1119 pecnnia
886 1073 943 1108 esset

159 1135 249 1190 repon,-
271 1148 313 1189 qaa
336 1133 413 1175 ninias
432 1132 547 1174 innentnin
564 1130 634 1185 feret,
652 1131 746 1187 enpleei,
762 1146 789 1174 ae
800 1133 940 1188 piacularia,

160 1203 183 1245 si
198 1202 319 1253 videntne,
336 1201 396 1243 sicne
410 1206 463 1242 ante
475 1199 596 1254 pontifices
611 1201 756 1250 censuissent,
769 1200 832 1255 fieri.

187 1270 255 1313 Aliud
276 1269 403 1323 exemplum
420 1269 496 1310 Livius
518 1275 593 1310 narrat
608 1268 668 1310 XLII
684 1271 704 1311 3.
720 1269 788 1311 Anno
804 1270 845 1312 581
863 1283 940 1312 a.u.c.

159 1341 227 1382 aedes
248 1339 338 1381 Iunonis
354 1337 459 1379 Laciniae
479 1351 492 1378 a
508 1335 535 1390 Q.
551 1336 629 1378 Fulvio
645 1337 726 1380 Flacco
742 1351 835 1380 censore
852 1339 941 1381 detecta

159 1414 201 1459 est,
214 1425 215 1428 ¹
229 1413 254 1449 ut
279 1406 359 1462 tegulis
382 1406 515 1447 marmoreis
537 1405 602 1447 hulus
626 1406 703 1459 templi
726 1407 806 1449 aedem
830 1407 939 1449 urbanam

158 1476 272 1518 Fortunae
296 1474 413 1529 Equestris
436 1479 533 1515 ornaret.
554 1473 600 1515 Res
622 1475 651 1515 ad
674 1480 749 1527 patres
773 1474 841 1517 relata
863 1481 897 1517 est
919 1482 941 1517 et

159 1543 183 1586 in
201 1557 270 1586 nnaen
286 1556 360 1584 oannes
375 1540 511 1583 sententiani
528 1540 609 1591 ierant,
618 1547 645 1582 nt
652 1555 690 1583 eae
698 1544 786 1596 tegnlae
794 1544 942 1597 reponendae

159 1611 184 1654 in
201 1613 306 1665 teinplnni
323 1612 450 1652 locaeentne
462 1609 636 1664 piaeieIaeiaqne
652 1609 735 1652 [anoni
746 1610 838 1664 fieneni‘.

188 1747 238 1789 Lex
261 1753 308 1789 erat
324 1747 422 1801 antiqua,
434 1759 497 1800 ¹quoe
513 1745 578 1787 Tullo
594 1745 691 1789 Hostilio
706 1761 718 1788 a
734 1746 842 1790 Romanis
858 1748 940 1791 tribue-

158 1816 229 1867 batur,
251 1829 294 1870 qua
311 1821 401 1857 cautum
418 1820 471 1864 erat¹
489 1820 513 1855 ut
530 1813 558 1855 ob
581 1814 743 1857 incestum
768 1814 886 1859 fratris
910 1823 940 1859 et

158 1897 169 1925 s
179 1897 212 1926 or
220 1898 234 1926 o
243 1897 252 1924 r
260 1885 286 1925 is
303 1896 338 1924 res
353 1881 441 1935 publica
457 1894 496 1935 per
509 1881 625 1934 pontifices
638 1882 725 1936 piaculo
733 1883 832 1937 placaret
841 1885 902 1935 deos,
912 1884 940 1926 cf.

158 1951 230 1994 Tacit.
246 1951 306 1993 Aine.
324 1950 363 1992 XII
380 1952 393 1993 8
410 1949 505 1992 addidit
521 1948 633 1992 Claiidins
647 1965 714 1993 saera
730 1965 759 1993 en
774 1952 862 2007 legibns
880 1952 942 1995 Tnlli

157 2018 219 2074 aegis
238 2019 375 2074 piaenlaqne
390 2018 454 2072 apud
469 2018 543 2059 lncnin
559 2017 651 2059 Dianae
662 2025 706 2072 pen
717 2019 839 2073 pontifices
854 2021 939 2072 danda,

158 2086 307 2129 irridentibus
322 2085 415 2136 canetis,
432 2085 491 2140 qnod
502 2090 587 2139 poenae
596 2087 809 2142 proeeeeaeienesqne
825 2088 903 2131 incesti
916 2089 942 2131 aa

159 2155 263 2211 temperis
278 2155 457 2210 enqaieerentae.

187 2291 286 2347 Virgo
314 2291 450 2341 Vestae,
483 2302 540 2344 quae
565 2291 648 2332 amissa
676 2292 803 2347 virginitate
827 2293 939 2336 Romano-

158 2366 214 2402 rum‘
230 2374 293 2403 sacra
316 2359 431 2413 polluerat,
456 2358 532 2400 statim
557 2359 594 2400 ubi
610 2359 749 2413 deprehensa
765 2367 813 2403 erat
829 2360 941 2404 abstinere

158 2443 173 2470 a
188 2428 261 2471 saenis
276 2428 399 2478 iubebatur,
417 2432 475 2469 teste
491 2426 555 2467 Livio
571 2426 621 2468 VIII
638 2427 671 2470 15.
689 2424 734 2480 8¹).
751 2428 848 2484 Virginis
865 2436 939 2472 autem

158 2497 221 2538 vivae
244 2496 380 2550 sepulturam
405 2507 450 2537 non
474 2493 545 2536 solum
567 2495 636 2548 ipsius
653 2496 735 2537 noxiae
751 2510 847 2550 poenam
863 2497 939 2548 fuisse,

158 2566 198 2607 sed
223 2565 289 2607 etiam
306 2565 338 2606 rei
352 2563 454 2618 publicae
469 2562 587 2615 piaculum,
604 2563 664 2605 vario
680 2565 836 2606 demonstrant
851 2566 939 2609 indicia.

158 2633 248 2676 EtenIm
270 2633 360 2688 virgmis
381 2637 454 2674 morte
470 2630 552 2684 placari
567 2631 658 2674 numina
674 2632 770 2674 Romani
785 2632 878 2676 firmiter
894 2647 939 2676 cre·

182 2783 199 2829 1)
213 2783 240 2819 Cli
254 2784 312 2825 etiam
325 2783 403 2828 Dionys.
417 2781 443 2817 IX
457 2785 488 2817 40:
501 2780 635 2821 μετκστήσοιντες
647 2779 697 2819 aiens
709 2782 742 2814 ἀπὸ
753 2785 784 2814 τῶν
796 2783 843 2822 ἱερῶν.
